3322 5188
843 607 879 620 ..
901 575 940 638 56
961 607 997 622 ..

397 665 597 772 nominaret?
618 707 790 770 Diversum
811 707 928 770 00189.
949 707 994 784 1.,
1014 707 1070 772 ubi
1090 709 1214 773 cultum
1232 708 1444 774 Numidarum

396 811 607 886 naturamque
627 807 767 869 locorum
786 806 902 886 tangit,
924 811 955 868 et
976 812 1100 888 arrepta
1114 809 1278 871 occasione
1297 809 1445 890 pluribus

394 905 531 985 exponit,
548 909 584 966 ut
599 903 685 966 solet.
708 903 793 975 Quin
814 923 877 966 non
891 903 1019 966 videtur
1031 906 1203 986 probabile,
1217 903 1444 987 impedimenta

392 1002 560 1084 dispartita
579 1021 648 1066 esse
669 1003 702 1064 10
723 1002 869 1083 pluribus
890 1003 1033 1066 castellis
1056 1005 1201 1080 munitis,
1221 1006 1300 1084 quia
1320 1009 1351 1066 et
1372 1006 1443 1067 Nu-

392 1101 493 1162 midia
513 1101 654 1164 castellis
674 1119 738 1161 non
751 1100 941 1177 abundabat,
957 1105 988 1164 et
1010 1102 1239 1183 impedimenta
1260 1103 1363 1165 solent
1376 1104 1447 1165 col-

392 1194 490 1260 locari
511 1217 573 1261 000
594 1197 671 1262 adeo
691 1198 786 1277 longe
804 1198 845 1261 ab
857 1199 1011 1275 exercitu,
1030 1197 1171 1262 000011.
1188 1199 1223 1266 (1.
1241 1199 1376 1264 12401
1394 1199 1445 1263 26.

391 1293 459 1356 Alii
485 1299 592 1358 tamen
614 1295 743 1358 Codices
763 1294 883 1359 habent
904 1296 989 1360 -ibi
1011 1295 1047 1370 Q.
1068 1296 1218 1360 Metellus
1231 1329 1265 1375 ··,
1278 1297 1362 1377 quod
1381 1315 1444 1360 ve-

392 1409 465 1454 rum
485 1392 623 1455 videtur.
773 1397 777 1402 '
1182 1458 1186 1466 ,

472 1489 505 1552 (l.
525 1489 615 1552 843.
631 1492 740 1572 «0010
759 1491 961 1572 naqueplebi
982 1491 1100 1553 militia
1121 1492 1240 1556 volenti
1260 1491 1444 1572 putabatur,

391 1592 423 1652 01
441 1589 561 1650 Μο0100
588 1594 646 1651 001
671 1590 746 1653 belli
776 1607 873 1652 usum
892 1593 950 1650 aut
970 1587 1077 1650 studia
1097 1589 1190 1668 vulgi
1212 1588 1443 1651 amissurus.»
1486 1597 1493 1608 '

389 1685 477 1750 Bata
489 1703 582 1747 ceam
601 1706 665 1750 non
679 1687 758 1750 bene
777 1687 973 1767 explicatum
987 1703 1097 1750 censeo
1110 1705 1130 1748 a
1148 1685 1311 1750 eorrectio
1327 1721 1348 1733 -
1360 1703 1443 1765 quaa

391 1784 433 1845 ad
452 1783 570 1848 bellum
584 1785 760 1864 gerendum
780 1801 858 1864 opus
879 1787 992 1844 0001-
1006 1787 1116 1846 01000
1137 1801 1312 1864 congruere
1333 1801 1443 1846 exem·-

389 1882 444 1962 pla
464 1880 602 1943 adducta
619 1879 685 1943 Oct.
698 1880 746 1942 48.
760 1880 789 1943 2.
804 1914 827 1926 -
842 1897 920 1942 0000
934 1880 1141 1959 quotidianus
1155 1879 1305 1957 -011001
1319 1881 1368 1942 43.
1381 1880 1409 1941 3.
1423 1911 1443 1928 -

360 2021 362 2025 ,
389 1979 465 2039 usui
486 1977 567 2042 bollo
587 1959 821 2059 1000-0001100
841 1978 1027 2057 significare
1047 1978 1176 2042 videtur
1195 1978 1274 2042 belli
1294 1978 1442 2040 admini-

388 2075 510 2137 strandi
531 2081 562 2138 et
578 2074 710 2154 gerendi
730 2075 924 2150 facultatem,
939 2076 1061 2156 copiam
1082 2077 1238 2151 amittere,
1252 2093 1291 2137 ea
1306 2077 1355 2138 uti
1376 2095 1442 2138 non

387 2191 488 2254 posse,
502 2173 561 2236 hoc
574 2174 660 2236 enim
673 2171 861 2235 eventurum
875 2177 941 2235 erat
955 2173 984 2234 si
997 2172 1104 2252 plebes
1125 2172 1278 2234 militiam
1293 2189 1443 2235 recusas-

390 2275 446 2348 set,
466 2270 552 2351 quod
572 2272 668 2334 tacite
688 2270 836 2351 cupiebat
857 2267 1003 2332 Senatus.
1024 2269 1075 2332 lta
1099 2268 1323 2335 0000001111.
1344 2269 1373 2332 3.
1394 2269 1441 2332 14.

389 2389 484 2434 usum
498 2370 630 2432 navium
645 2371 784 2448 creptum
798 2367 882 2430 dixit
897 2368 1050 2433 abscissis
1065 2368 1199 2430 funibus
1214 2367 1271 2448 qui
1286 2371 1441 2430 antennas

389 2469 431 2530 ad
450 2469 550 2530 malos
570 2467 714 2546 deligant
734 2499 757 2511 -
777 2465 856 2528 014.
878 2465 943 2526 1.-
959 2481 1018 2526 nec
1039 2464 1119 2526 ratio
1140 2469 1236 2544 atque
1260 2483 1337 2527 0000
1362 2465 1439 2530 belli

267 2583 269 2588 ’
389 2565 621 2630 intermittitur.
636 2597 659 2611 -
675 2561 771 2626 Pacit
787 2559 926 2633 400001.
948 2560 975 2624 1.
996 2561 1079 2622 ’10-
1094 2561 1162 2622 11110
1182 2561 1334 2626 honestae
1353 2581 1441 2626 mor-

388 2661 433 2724 tis
454 2674 542 2722 0000.
564 2693 585 2708 -

469 2757 503 2820 0.
523 2757 571 2821 85.
593 2755 639 2820 16.
655 2756 732 2820 «Ac
752 2757 780 2818 si
801 2756 867 2818 iam
887 2775 927 2820 ex
940 2757 1088 2839 patribus
1110 2758 1219 2823 Albini
1239 2763 1296 2822 aut
1315 2757 1442 2822 Bastiae

389 2855 498 2939 quaeri
517 2860 623 2937 posset
643 2873 735 2917 mene
754 2873 796 2916 an
817 2855 889 2922 illos
910 2875 951 2918 ex
973 2875 1006 2918 00
1028 2857 1124 2936 gigni
1145 2857 1341 2933 maluerint,
1361 2857 1442 2937 quid

388 2971 591 3035 responsuros
614 2953 765 3028 creditis,
785 2953 850 3014 uisi
865 2971 933 3016 0000
953 2953 1071 3016 liberos
1091 2971 1190 3034 qnam
1210 2959 1356 3036 optumos
1377 2974 1441 3018 vo-

388 3050 546 3113 luisset»
562 3049 734 3130 Responsio
754 3067 817 3111 000
838 3052 991 3130 congruit
1009 3051 1197 3131 quaestioni,
1218 3051 1302 3130 quod
1322 3056 1439 3128 tamen,

389 3148 424 3209 in
444 3166 478 3209 00
497 3152 614 3227 aperta,
635 3166 697 3210 non
717 3147 923 3213 tribuendum
945 3147 1162 3211 verecundiae.
1184 3147 1231 3208 cf.
1251 3146 1299 3210 85.
1312 3149 1374 3226 Jia.

342 3273 345 3278 ¹
469 3245 502 3306 Ο.
522 3244 570 3306 85.
589 3246 639 3308 20.
660 3265 678 3305 ‹<
698 3263 757 3309 nae
777 3246 827 3308 illi
859 3246 933 3308 falsi
954 3251 1031 3310 sunt
1052 3237 1108 3327 qui
1131 3245 1366 3308 diversissimas
1388 3265 1439 3308 000

387 3345 506 3427 pariter
525 3347 702 3424 expectant,
723 3345 875 3423 ignaviae
895 3344 1091 3426 voluptatem
1111 3347 1143 3405 et
1163 3344 1305 3430 praemia
1325 3342 1438 3405 virtu-

387 3445 440 3506 tis.
454 3465 472 3506 a
486 3440 647 3518 Barnous.
662 3443 918 3523 interpretatur-
931 3446 1015 3504 00010
1030 3441 1077 3502 1111
1093 3458 1164 3522 spes
1178 3441 1286 3504 irritas
1306 3441 1398 3504 alunt
1409 3473 1438 3516 -,

389 3540 473 3622 quod
492 3559 555 3602 000
577 3538 680 3620 probo,
701 3539 867 3619 0010101οἰ
889 3542 1046 3601 0001000
1067 3553 1129 3618 spe,
1152 3540 1245 3618 quasi
1266 3538 1350 3619 quod
1364 3557 1438 3620 spa-

387 3644 461 3700 rant
474 3657 535 3700 non
550 3642 769 3717 assequantur,
784 3635 871 3720 (tota
885 3633 1044 3715 siqnidem
1064 3637 1162 3699 000110
1175 3636 1271 3699 Marii
1292 3637 1437 3716 exagitat

388 3735 466 3796 istos
486 3735 629 3798 homines
650 3735 801 3815 praemiis
819 3733 958 3796 virtutis.
970 3736 1089 3812 000100,
1110 3734 1173 3797 rid.
1188 3733 1243 3796 hic
1262 3749 1314 3794 cc.
1327 3734 1373 3796 19.
1387 3733 1437 3796 37.

388 3836 421 3894 et
438 3833 622 3912 praesertim
634 3832 686 3894 42.
708 3833 741 3892 10
762 3829 841 3892 haec
862 3829 990 3893 verba·
1003 3832 1058 3894 ubi
1079 3851 1113 3896 se
1132 3832 1279 3895 omnibns
1301 3831 1438 3908 flagitiis

389 3929 628 4006 dedecoravere,
648 3927 829 4009 turpissimi
857 3927 919 3990 riri
951 3928 1103 3992 bonorum
1126 3929 1269 4010 praemia
1295 3931 1438 4006 ereptum

388 4031 466 4090 eunt
478 4026 536 4108 -;)
557 4027 613 4088 sed
633 4027 708 4088 falsi
727 4025 843 4100 calmo,
866 4027 944 4107 quia
964 4028 1027 4090 sibi
1048 4045 1112 4088 non
1132 4029 1278 4089 constant
1293 4022 1436 4085 moribus

389 4143 468 4205 quos
487 4125 721 4206 praeseferunt,
742 4123 817 4185 dum
833 4124 960 4204 paritor
982 4125 1117 4205 cupiunt
1137 4141 1175 4186 ac
1196 4121 1257 4184 sibi
1279 4119 1438 4202 pollicen-
1495 4165 1496 4168 ,

388 4232 450 4300 tur,
463 4223 556 4304 quasi
577 4221 691 4308 debita,
704 4223 934 4286 contrariorum
956 4219 1128 4294 commoda,
1150 4218 1301 4298 ignaviae
1321 4221 1354 4280 et
1367 4220 1437 4282 vir·-

389 4324 476 4386 tutis.
499 4321 636 4398 Quidam
658 4320 785 4390 Codices
806 4303 929 4390 habeut
945 4322 1092 4402 10001001
1109 4335 1164 4399 pro
1185 4319 1353 4400 0100001001.
