3330 5180
696 590 853 652 ..55-

253 727 359 806 cred03
381 743 474 789 aures
496 726 582 788 onim
604 728 753 799 renuunt,
776 721 970 787 etenclitiea
989 738 1103 804 parum
1119 738 1300 787 accommo-

253 825 328 892 data
348 829 406 887 est.

335 922 367 984 C.
388 919 437 983 77.
459 921 485 982 1.
508 941 525 980 «
546 923 580 984 ni
601 920 634 982 id
655 921 830 996 festinaret,
851 921 886 982 in
907 938 1032 982 summo
1052 919 1191 1001 periculo
1213 937 1305 982 suam

254 1020 399 1096 salutem,
414 1019 541 1082 illorum
556 1020 656 1082 socios
670 1020 734 1082 fore
749 1051 771 1065 -
786 1017 820 1080 Si
842 1017 920 1080 haec
941 1018 1137 1098 significant,
1159 1019 1193 1080 in
1215 1036 1309 1080 sum-

254 1137 305 1181 mo
325 1117 464 1198 periculo
484 1117 621 1179 salutem
642 1115 902 1197 Leptitanorum,
923 1115 980 1196 qui
1011 1120 1116 1178 essent
1136 1115 1213 1178 socii
1236 1114 1306 1177 Ro-

254 1233 431 1291 manorum,
452 1215 531 1290 sore,
552 1213 717 1276 fatendum
737 1217 786 1275 est
806 1215 1075 1288 constructionem
1097 1232 1165 1276 esse
1186 1212 1307 1276 insoli-

254 1317 330 1390 1111
350 1311 530 1393 ponendum
551 1313 637 1372 euim
659 1315 742 1374 esset
762 1311 985 1374 accusativum
1000 1310 1134 1373 salutem
1148 1309 1308 1373 attrahere

254 1411 355 1472 alium
375 1409 487 1482 socios,
510 1412 679 1488 zeugmate
699 1409 844 1487 insolito;
867 1407 974 1489 (aliud
993 1409 1081 1471 enim
1101 1412 1149 1470 est
1173 1407 1239 1471 Cot.
1259 1406 1307 1469 51.

253 1506 509 1569 43-11111111
540 1507 727 1568 existimare
758 1524 832 1567 eum
858 1510 968 1566 contra
999 1523 1065 1568 rem
1092 1506 1256 1586 publicam
1276 1509 1309 1567 et

208 1613 213 1624 “
252 1603 390 1666 salutem
410 1605 555 1666 omnium
568 1604 728 1666 facturum
741 1603 761 1688 1,
775 1608 831 1666 111
843 1603 1065 1665 accusativum
1085 1603 1198 1676 socios,
1214 1621 1309 1664 nem·-

254 1721 293 1784 pe
306 1700 498 1782 Leptitanos,
519 1702 675 1774 contineri
698 1702 933 1765 invocassem
955 1701 1049 1780 quasi
1069 1699 1308 1779 significantem

254 1815 296 1860 oe.
328 1797 426 1862 Credo
454 1800 624 1862 lectionem
647 1804 834 1879 ‘corruptam
866 1799 944 1877 quia
977 1797 1105 1860 Codices
1139 1797 1310 1860 admodum

254 1897 382 1959 variant
402 1897 480 1967 dum
499 1891 652 1960 exhibent
665 1930 686 1944 -
698 1895 833 1958 sulutem
848 1896 987 1969 illorum,
1003 1895 1110 1957 addito
1130 1895 1197 1956 alia
1211 1913 1310 1956 mauu

254 1998 286 2057 et
305 2027 328 2042 -
348 1993 482 2058 celetem
513 1999 545 2056 et
570 1994 701 2056 illoram
722 1994 840 2056 -illos
861 2028 884 2040 -
905 1994 1069 2056 sociorum.
1090 1971 1113 2040 9-
1133 1993 1311 2056 Videbatur

254 2091 458 2156 scribendum
478 2126 498 2139 -
519 2093 554 2154 in
574 2109 699 2155 summo
719 2093 861 2174 periculo
892 2093 1008 2154 salutis
1038 2111 1073 2156 se
1099 2090 1229 2154 illorum
1250 2109 1308 2154 so-

253 2191 321 2251 cios
342 2190 416 2251 iore.
438 2223 461 2235 -

334 2286 368 2348 C.
388 2283 437 2348 79.
458 2287 486 2348 6.
502 2307 519 2348 ((
535 2287 588 2350 ubi
609 2306 666 2369 per
682 2288 751 2350 loca
772 2286 920 2367 aequalia
941 2292 973 2350 et
991 2286 1079 2350 nuda
1100 2286 1308 2366 gignentium

254 2388 369 2448 ventus
384 2389 508 2446 coortus
524 2403 653 2448 arenam
673 2385 772 2447 humo
793 2384 957 2459 excitavit,
978 2401 1015 2446 ea
1035 2401 1158 2462 magna
1176 2385 1209 2446 vi
1227 2383 1308 2462 agi-

254 2487 331 2558 tata,
353 2501 406 2544 ora
426 2483 596 2563 oculosque
617 2483 749 2564 implere
770 2482 870 2558 solet,
891 2483 937 2545 ita
956 2486 1124 2562 prospectu
1156 2479 1309 2561 impedito

254 2582 371 2644 morari
393 2581 453 2642 iter
474 2603 491 2643 >›
514 2581 560 2643 Cf.
581 2580 775 2643 Herodotum
796 2580 825 2642 3.
845 2579 893 2644 26.
915 2579 953 2641 (11
973 2579 1116 2641 exercitu
1137 2577 1309 2658 Cambysis
1344 2589 1353 2604 ·

257 2681 293 2742 iu
312 2679 496 2740 Ammonios
515 2681 677 2759 pergente,
697 2679 804 2740 arenis
825 2678 947 2740 obruto.

336 2775 369 2838 0.
390 2774 438 2838 79.
460 2775 488 2836 8.
511 2793 528 2833 ((
551 2775 684 2849 Graeci,
711 2776 869 2854 optionem
902 2774 1221 2854 Carthaginiensium
1252 2773 1308 2834 fa-

255 2875 384 2936 ciunt»
405 2872 494 2936 Libri
511 2871 575 2951 169
596 2871 715 2936 habent
747 2871 1070 2951 Carthaginiensibus
1098 2888 1136 2932 cro
1162 2875 1308 2946 correct,

256 2971 340 3054 quod
361 2973 494 3034 fortasse
514 2988 534 3031 a
554 2969 730 3048 glossatore
751 2973 800 3032 est
820 2971 877 3049 qui
908 2969 1003 3032 vellet
1022 2969 1180 3050 explicare
1200 2969 1308 3048 optio-

255 3070 482 3146 nem'iaciunt3
504 3069 614 3147 agitur
634 3069 720 3130 enim
742 3067 781 3130 de
801 3068 928 3148 optione
942 3085 961 3128 1
977 3067 1107 3128 Graecis
1129 3066 1204 3127 data
1225 3066 1310 3127 Car-

256 3166 534 3248 thaginiensibus,
556 3170 587 3228 et
607 3166 686 3228 solet
705 3163 770 3227 dici
790 3166 948 3245 optionem
970 3164 1073 3226 iacere
1093 3163 1168 3226 dare
1188 3162 1309 3241 clicui5

257 3267 311 3330 sed
331 3267 499 3330 manifeste
517 3267 605 3327 locus
626 3270 674 3328 est
689 3267 735 3327 ita
756 3264 1003 3344 intelligendus:
1023 3265 1148 3326 faciunt
1167 3265 1309 3345 permit-

257 3369 332 3427 tunt
351 3367 509 3445 optionem
539 3381 608 3426 esse
629 3363 967 3443 Carthaginiensium,
988 3379 1064 3424 nam
1085 3362 1203 3424 dicitur
1225 3361 1311 3442 optio

257 3478 337 3536 mea,
355 3464 420 3536 tua,
440 3461 578 3523 Plautus
602 3460 707 3524 costo.
731 3460 760 3524 2.
780 3460 809 3522 4.
832 3460 879 3522 13.

339 3557 372 3618 C.
392 3558 440 3620 80.
453 3559 482 3620 4.
497 3579 515 3618 <(
530 3557 676 3622 Bocchus
692 3559 784 3621 initio
797 3558 933 3621 huiusce
947 3556 1022 3621 belli
1039 3559 1161 3638 legatos
1175 3557 1309 3620 Romam

257 3656 390 3720 miserat
409 3656 517 3719 foedus
538 3661 571 3719 et
589 3657 767 3720 amicitiam
787 3657 963 3740 petitum.»
981 3657 1020 3718 cf.
1039 3656 1110 3732 Iac.
1132 3655 1199 3717 102.
1222 3655 1269 3717 14.

263 3801 265 3808 .
340 3753 373 3816 C.
394 3753 443 3816 81.
465 3754 493 3816 3.
516 3774 533 3814 ‹<
553 3754 595 3817 ad
617 3755 737 3816 Cirtam
758 3755 907 3835 oppidum
930 3755 991 3816 iter
1010 3755 1211 3816 constituunt
1225 3754 1309 3834 quod

258 3851 303 3915 ibi
323 3852 472 3914 Metellus
492 3852 639 3933 praedam
661 3854 868 3934 captivosque
888 3857 919 3914 et
939 3851 1166 3933 impedimenta
1179 3853 1311 3916 locave-

259 3953 308 4012 rat
325 3973 342 4013 1
358 3949 543 4038 Diomedias
567 3948 648 4012 Com
673 3947 705 4011 C.
724 3949 754 4013 2.
769 3966 803 4028 p.
825 3947 873 4012 26.
894 3969 934 4012 ex
954 3949 1117 4012 nonnullis
1140 3949 1308 4013 Codicibus

259 4048 370 4112 scribit
390 4047 513 4126 -quod
534 4048 652 4128 ibique,
675 4079 698 4092 -
718 4052 788 4127 post
802 4064 898 4125 quae,
913 4049 1009 4111 verba
1029 4048 1189 4110 excidisse
1207 4052 1308 4128 putat,

259 4164 308 4207 ex.
319 4163 368 4224 gr.
389 4145 540 4225 -ibique
561 4150 592 4208 et
614 4146 648 4206 in
668 4145 787 4206 vicinis
801 4131 942 4208 castellis
965 4182 996 4221 -,
1017 4146 1153 4209 adducto
1167 4145 1309 4224 exemplo

260 4241 413 4308 Sallustii
442 4244 513 4320 119.
535 4243 582 4306 89.
604 4243 673 4306 1.-
694 4245 803 4324 ibique
833 4249 864 4307 et
894 4247 1036 4308 inomni
1066 4247 1193 4322 Africa3
1213 4241 1307 4303 -sod

262 4357 420 4420 quorsum,
437 4343 584 4408 indicans
605 4361 735 4406 oausam
757 4343 881 4406 itineris
895 4343 936 4406 ad
955 4345 1084 4420 Cirtam,
1098 4344 1161 4405 alia
1175 4340 1310 4404 castelle
