3330 5180
678 610 836 672 ..51-

231 748 260 810 5.
275 763 309 826 p.
326 744 393 808 121.
414 743 637 823 corrigendum
658 746 750 823 putat
764 777 786 789 -
801 743 890 804 velut
910 743 1015 806 hostes
1036 742 1249 806 aduerterent.
1261 777 1282 790 -

229 843 311 908 Mihi
346 842 475 905 videtur
504 841 685 902 infinitivus
714 840 848 920 pendere
878 841 1053 918 astrepite
1083 842 1130 904 in¹
1148 859 1211 919 qno
1241 842 1285 902 sit

230 939 410 1022 quaerenda
430 941 480 1001 vis
501 939 607 1014 verbi,
629 936 918 1013 aedicationem
938 935 1123 1015 strepebant,
1145 938 1286 1016 strepitu

231 1035 460 1114 eipapiooboot,
475 1036 578 1098 tostae
599 1035 777 1109 adoratore,
792 1040 824 1097 et
837 1035 924 1097 celet
943 1033 1082 1096 iudicare
1102 1036 1283 1115 opinionem

233 1135 326 1216 quasi
347 1134 504 1197 adventus
524 1133 674 1209 hostium,
695 1132 779 1213 qnod
801 1135 869 1195 erat
888 1135 999 1194 contra
1021 1133 1195 1194 veritatem.

312 1232 346 1294 (i.
368 1232 415 1294 54.
436 1231 466 1293 8.
487 1251 505 1292 o<
524 1237 556 1294 et
575 1233 632 1310 qui
663 1247 723 1292 sua
741 1231 812 1292 loca
837 1230 1002 1292 defendere
1021 1231 1228 1310 nequiverat,
1250 1232 1285 1290 in

233 1330 350 1394 alienis
370 1329 488 1392 bellum
509 1346 618 1407 gerere
638 1327 851 1407 cogebatur.»
868 1327 1079 1407 Quamquam,
1094 1329 1128 1388 in
1146 1346 1180 1388 re
1192 1344 1287 1408 prae-

235 1427 352 1490 eertirn
372 1427 525 1501 militari,
547 1425 634 1488 locus
655 1443 733 1488 suna
760 1425 812 1487 vel
832 1425 956 1486 alienus
977 1425 1082 1488 valcat
1101 1425 1287 1505 plerumque

232 1541 290 1606 pro
303 1524 370 1586 loco
391 1528 564 1604 opportuno
583 1527 640 1584 aut
660 1522 797 1599 difficili,
811 1525 918 1586 tamen
932 1523 986 1584 hic
1001 1523 1148 1585 existimo
1157 1523 1287 1601 proprie

233 1621 338 1702 accipi
356 1620 475 1697 debere,
489 1625 599 1682 contra
618 1620 795 1700 opinionem
809 1618 972 1698 Bereoafi,
988 1621 1065 1700 quia
1088 1621 1145 1699 qui
1173 1619 1287 1695 defee-

234 1717 288 1780 de‘t
306 1718 382 1794 loca,
405 1722 540 1782 catenat
560 1723 592 1780 εὴ
606 1723 642 1780 ut
650 1719 785 1798 proprie
805 1717 909 1796 habet:
929 1722 961 1780 et
975 1735 1051 1780 sane
1063 1721 1134 1798 poet
1154 1717 1287 1778 initium

233 1815 309 1880 belli
329 1815 490 1895 Iugurtha
511 1817 631 1879 multas
652 1817 808 1892 civitates,
823 1815 936 1896 oppida
956 1820 987 1880 et
1000 1833 1116 1896 agrum
1136 1815 1288 1876 amiserat

234 1917 265 1976 et
284 1912 319 1973 in
340 1912 552 1980 Romanorum
572 1918 726 1994 potestate
746 1913 938 1993 reliquerat,
959 1917 995 1975 ut
1017 1912 1123 1991 magis
1144 1911 1183 1973 de
1203 1912 1287 1973 reti·
1322 1953 1325 1961 ·

234 2008 338 2072 nendo
357 2028 455 2090 quam
477 2010 515 2072 de
535 2010 747 2090 recuperando
767 2016 887 2074 certare
906 2013 1082 2090 cogeretur,
1095 2010 1136 2071 ci.
1150 2009 1221 2084 Iera.
1240 2007 1287 2070 66.

236 2107 264 2168 1.
284 2140 308 2152 -
328 2105 493 2186 Iugurtha
513 2107 661 2170 civitates
682 2125 764 2187 qnae
793 2107 835 2170 ab
855 2127 889 2170 ee
909 2107 1086 2172 defecerant
1111 2107 1287 2184 adfectare3
1368 2135 1371 2144 ·

235 2205 432 2268 communire
450 2219 524 2270 eaor
544 2205 637 2266 locos.
652 2237 674 2250 -
692 2203 808 2267 Ouarar
828 2207 862 2267 iu
883 2223 982 2268 sensu
997 2205 1127 2286 proprio
1141 2201 1179 2264 B.
1198 2201 1234 2266 (i.
1258 2202 1287 2266 2.

237 2301 285 2363 10.
299 2335 322 2348 -
337 2307 373 2363 ut
386 2302 428 2362 ad
441 2319 493 2364 eos
514 2301 723 2380 defendendae
744 2302 886 2381 nudique
906 2304 1119 2378 convenirent,
1140 2307 1170 2364 et
1183 2301 1288 2382 potius

237 2400 271 2462 in
293 2400 364 2460 seir
385 2417 482 2479 quam
512 2399 546 2460 in
567 2398 683 2461 olienis
702 2399 823 2463 finibus
843 2401 1038 2463 decertarent
1056 2431 1077 2448 -·
1096 2405 1128 2461 et
1148 2399 1176 2460 5.
1196 2398 1244 2458 50.
1266 2430 1289 2443 -

236 2497 266 2562 si
286 2497 364 2560 forte
383 2498 507 2560 timoris
529 2496 734 2560 simulatione
754 2498 860 2572 hostes
882 2497 916 2560 iu
937 2513 1031 2560 suem
1050 2497 1156 2560 locum
1176 2495 1289 2557 elicere

236 2599 381 2676 posset-
400 2598 431 2657 et
444 2593 586 2660 ,Sallust
607 2594 679 2670 Ine.
699 2593 748 2656 48.
771 2595 798 2656 l.
818 2628 838 2642 -·
857 2593 933 2658 urbs
954 2595 1096 2656 maxime
1115 2593 1254 2655 alienata
1269 2623 1290 2640 -

237 2691 293 2754 ubi
314 2691 398 2754 idem
418 2690 519 2753 Bura.
542 2692 768 2772 interpretatur
788 2725 811 2738 -
827 2692 911 2754 iacta
925 2691 1081 2769 hostium,
1095 2692 1227 2772 ideoque
1246 2706 1290 2750 a-

237 2786 323 2851 liena
342 2807 425 2868 quae
445 2789 536 2869 prius
558 2806 617 2851 sua
636 2793 730 2854 esset.

318 2885 351 2948 C.
371 2885 419 2948 57.
439 2885 468 2948 5.
491 2904 508 2946 <r
528 2887 678 2967 oppidani
698 2885 803 2964 eudes,
817 2889 894 2969 pila,
914 2892 1076 2969 praeterea
1095 2887 1198 2968 picem
1218 2885 1290 2948 sul-

238 2983 307 3046 fure
326 2987 358 3046 et
376 2984 469 3046 taeda
491 2985 636 3061 mixtam,
656 2985 802 3052 ardentia
822 2987 948 3050 mittere
968 3009 986 3050 r
1009 2985 1055 3048 Oi.
1069 2984 1229 3048 obterente
1248 2983 1290 3045 ad

243 3079 308 3144 Oet.
329 3081 376 3144 10.
397 3082 426 3146 2.
447 3081 632 3145 necteretur
670 3082 751 3148 Com.
775 3082 847 3164 Cep.
868 3084 937 3164 5p.
959 3084 1025 3148 122.
1046 3105 1086 3148 ex
1106 3085 1206 3147 variis
1235 3085 1289 3146 le-

208 3175 211 3182 '
238 3179 397 3245 ctiouibue
416 3181 551 3260 praefert
563 3187 755 3262 -praeterea
768 3183 872 3263 picem
891 3183 1014 3246 sulfure
1034 3188 1065 3245 et
1085 3182 1181 3246 taeda
1199 3184 1300 3252 mix-v,

239 3281 304 3340 tam
325 3277 585 3359 ardenti-,quia
599 3297 619 3342 a
634 3281 699 3342 veri
714 3281 819 3361 specie
837 3279 1006 3344 abhorrere
1026 3282 1195 3345 existimat
1214 3282 1290 3361 pila,

240 3382 394 3440 aut'oerte
413 3377 519 3453 eudes,
540 3377 686 3441 ardentia
707 3379 806 3440 missa
826 3397 904 3455 cese,
924 3379 1128 3442 confirmatus
1149 3379 1290 3440 maxime

239 3477 308 3541 loco
321 3475 369 3536 60.
383 3475 424 3551 6.,
438 3481 475 3538 nt
495 3476 632 3539 advertit
653 3478 688 3540 in
709 3477 783 3539 edit.
796 3479 873 3539 mia.
896 3477 1060 3559 Quidquid
1080 3479 1189 3558 iguem
1210 3492 1312 3538 con-¹

240 3574 321 3655 cipit
347 3578 442 3652 atque
472 3574 551 3652 alit,
571 3575 613 3636 ad
632 3577 816 3640 incendium
847 3576 977 3639 immitti
998 3581 1116 3657 potest,
1136 3580 1173 3637 ut
1192 3575 1290 3636 etiam

241 3672 337 3735 eadee
357 3689 395 3736 ac
414 3673 481 3754 pila
501 3674 672 3736 materiem
692 3675 832 3739 efficiant
851 3675 921 3754 igni
946 3673 1134 3753 ingerendo,
1160 3673 1292 3754 praeci-n

240 3789 303 3851 pne
322 3772 351 3832 si
371 3771 436 3834 alia
454 3771 613 3849 deficiant,
631 3771 746 3836 Ouarar
758 3773 797 3836 B.
817 3773 853 3841 (i.
873 3771 902 3834 7.
914 3773 962 3847 24
976 3771 1066 3834 -alii
1087 3772 1173 3834 iaces
1194 3776 1291 3851 atquo

242 3867 367 3932 aridam
387 3871 554 3933 maurium
575 3870 613 3934 de
633 3889 724 3934 muro
745 3873 780 3933 in
801 3889 952 3952 aggerem
973 3872 1099 3936 emiune
1120 3869 1293 3944 iaciebant,

241 3969 345 4048 picem
364 3967 561 4050 reliquaeque
580 3985 631 4032 ree
650 3967 760 4049 quibes
781 3971 866 4047 iente
886 3969 1034 4033 ‘recitare‘
1057 3973 1181 4049 potest,
1208 3969 1290 4030 fun-

241 4065 367 4130 debant.
381 4099 404 4112 -
417 4067 525 4146 Magis
545 4067 654 4132 obesse
673 4068 801 4130 videtur
820 4069 1005 4132 adverbium
1015 4074 1190 4147 praeterea,
1207 4065 1290 4146 quod

243 4163 370 4227 ridetur
389 4165 532 4230 iudicare
551 4167 723 4230 transitum
744 4165 784 4229 ad
806 4166 895 4228 aliud
914 4170 1028 4246 genus
1040 4167 1227 4238 missilium,
1248 4161 1290 4224 ab

242 4264 346 4326 acutis
360 4265 401 4327 ad
414 4265 579 4344 ferventia,
600 4266 645 4332 ita
665 4270 703 4334 ut
723 4265 863 4331 incertus
883 4266 945 4334 sim
959 4267 1012 4334 cui
1034 4264 1161 4332 lectioni
1181 4261 1289 4340 magia

243 4363 288 4428 sit
308 4362 552 4432 adhaerendum.
