3322 5188
368 1127 370 1132 ,
410 957 729 1138 'sacroru
765 1025 1116 1176 snuuvom

419 1285 420 1290 ‘
585 1261 818 1366 utorsrus
847 1283 983 1366 oron

716 1525 845 1566 -ew

280 2033 283 2044 ,
340 1960 415 2042 Quo
437 1961 584 2030 oonsilio
609 1960 792 2048 atquibus
814 1961 982 2031 subsidiis
1004 1962 1110 2030 hasce
1131 1963 1305 2032 Observa-

203 2111 209 2122 ·
252 2065 369 2136 tiones
396 2070 611 2156 susceperim
634 2073 740 2154 atque
763 2070 989 2150 absolverim,
1022 2071 1305 2158 praemonendus

252 2176 378 2262 paucis
401 2194 453 2255 es,
477 2175 610 2244 Lector.
634 2175 714 2244 Non
737 2195 804 2260 ego
827 2195 963 2262 magna
985 2180 1028 2259 et
1043 2177 1174 2262 gravia
1199 2177 1305 2266 polli-

252 2301 349 2361 ceor,
364 2301 429 2350 nec
445 2301 536 2368 quae
559 2282 720 2350 novitate
740 2282 964 2351 inventurum
986 2283 1199 2370 percellant,
1216 2285 1305 2352 haec

137 2458 140 2464 ,
250 2406 353 2458 nemo
378 2407 401 2456 a
423 2407 480 2457 me
502 2392 663 2476 expectet
678 2407 731 2460 vne
752 2391 878 2476 postea
901 2389 1013 2457 falsus
1035 2391 1219 2458 habeatur.
1235 2390 1304 2458 Sed

250 2495 335 2581 quia
358 2495 431 2564 vidi
453 2497 584 2564 multas
596 2496 788 2565 doctorum
803 2494 971 2564 Virorum
989 2495 1304 2584 interpretationes

251 2601 625 2688 et‘conieoturasme
647 2601 789 2688 quidem
812 2601 944 2682 iudice,
967 2613 1040 2672 non
1062 2601 1152 2670 satis
1173 2606 1304 2690 proba-

249 2709 348 2790 biles,
369 2728 409 2778 eo
426 2709 567 2791 animus
589 2709 703 2778 suasit
725 2712 765 2780 ut
786 2727 882 2794 quae
902 2709 1070 2778 sentirem
1090 2709 1200 2778 libere
1218 2729 1303 2798 pro·

250 2816 398 2896 ferrem,
424 2815 590 2886 studiosis
619 2815 831 2904 praesertim
864 2816 1145 2886 adolescentibus
1174 2817 1234 2902 qui
1262 2817 1302 2884 in

250 2921 401 2990 lectione
425 2925 583 2990 veterum
608 2922 824 3010 Scriptorum
850 2926 895 2991 ab
920 2922 1173 3010 Interpretibus
1200 2923 1302 2990 adiu-

115 3029 116 3032 ’
249 3031 405 3108 mentum
427 3032 612 3115 quaerunt.
628 3029 859 3117 Praecipuum
882 3029 968 3096 mihi
990 3030 1112 3097 fuitin
1135 3033 1245 3098 verba
1264 3035 1301 3100 et

249 3137 463 3206 sententiam
472 3136 636 3238 ductoris
647 3135 834 3222 inquirere,
850 3136 976 3222 quibus
985 3155 1097 3224 prave
1111 3136 1300 3204 intellectis

248 3245 326 3312 tota
348 3262 405 3312 res
428 3243 540 3330 perit;
563 3261 776 3330 quamquam
805 3246 840 3326 et
864 3243 1002 3328 aliquas
1025 3241 1299 3320 emendationes,

203 3407 205 3412 .
248 3350 459 3438 praesertim
482 3350 520 3416 in
543 3350 630 3418 locis
652 3349 753 3417 varie
776 3349 930 3429 vexatis
947 3349 1002 3418 vel
1018 3351 1162 3436 propter
1184 3347 1300 3416 incer-

248 3461 323 3524 tam
347 3455 653 3542 significationem,
679 3455 735 3524 vel
750 3460 895 3544 propter
910 3456 1075 3524 Codicum
1092 3455 1298 3534 dissensum,

247 3563 500 3650 proposuerim.
530 3563 612 3631 Non
647 3567 769 3630 tamen
799 3581 899 3630 mens
935 3563 1004 3630 suit
1025 3562 1089 3630 illa
1116 3560 1301 3648 complecti

173 3663 174 3666 ’
247 3689 353 3756 quae,
370 3689 596 3760 quamquam
626 3669 785 3738 difficilia
825 3672 861 3738 et
895 3667 1101 3756 interpretis
1134 3667 1297 3752 egentia,

247 3781 330 3846 sunt
360 3777 448 3846 satis
482 3776 663 3845 illustrata
697 3777 808 3845 doctis
847 3775 996 3844 aliorum
1031 3775 1298 3844 commentatio-

244 3885 371 3965 nibus,
402 3885 463 3954 sed
505 3884 555 3954 ibi
588 3884 691 3972 posui
723 3885 947 3970 diligentiam
978 3883 1039 3952 ubi
1077 3883 1133 3950 vel
1170 3887 1216 3952 ab
1251 3883 1297 3951 iis

245 3991 478 4070 dissentirem,
495 3990 552 4058 vel
568 3990 702 4076 aliquid
723 3991 921 4058 addendum
936 3993 1110 4078 putarem
1125 3989 1169 4056 Et
1189 4007 1298 4076 saepe

245 4098 500 4187 proprietatem
522 4099 707 4171 verborum
728 4101 763 4166 et
784 4096 988 4174 locutiones,
1014 4095 1122 4164 etiam
1143 4094 1297 4191 auctori-

245 4209 322 4272 tate
337 4206 525 4274 Poetarum
542 4208 699 4274 veterum
723 4208 786 4272 aut
809 4204 965 4272 eiusdem
982 4202 1063 4270 aevi
1078 4199 1295 4278 confirmavi,

246 4312 338 4399 quod
362 4331 426 4384 nec
449 4309 580 4382 novum
607 4312 685 4398 quis
710 4311 895 4389 existimet,
919 4329 983 4380 nec
1011 4311 1142 4378 sactum
1170 4305 1293 4392 inopia
