<?xml version="1.0" encoding="UTF-8"?>
<!DOCTYPE html PUBLIC "-//W3C//DTD XHTML 1.0 Transitional//EN"
    "http://www.w3.org/TR/xhtml1/DTD/xhtml1-transitional.dtd">
<html xmlns="http://www.w3.org/1999/xhtml" xml:lang="en" lang="en">
 <head>
  <title>
</title>
<meta http-equiv="Content-Type" content="text/html;charset=utf-8" />
  <meta name='ocr-system' content='tesseract 3.04.00' />
  <meta name='ocr-capabilities' content='ocr_page ocr_carea ocr_par ocr_line ocrx_word'/>
</head>
<body>
  <div class='ocr_page' id='page_1' title='image "adgaisallustiic00ciofgoog_0045.png"; bbox 0 0 3322 5188; ppageno 0'>
   <div class='ocr_carea' id='block_1_1' title="bbox 379 579 1455 796">
    <p class='ocr_par' dir='ltr' id='par_1_1' title="bbox 379 579 1455 796">
     <span class='ocr_line' id='line_1_1' title="bbox 801 579 979 646; baseline 0 -60"><span class='ocrx_word' id='word_1_1' title='bbox 801 581 860 630; x_wconf 34' lang='grc' dir='ltr'><strong>,ὦ</strong></span> <span class='ocrx_word' id='word_1_2' title='bbox 883 579 922 646; x_wconf 56' lang='lat'><strong>32</strong></span> <span class='ocrx_word' id='word_1_3' title='bbox 943 615 979 630; x_wconf 78' lang='lat'><strong>..</strong></span> 
     </span>
     <span class='ocr_line' id='line_1_2' title="bbox 379 709 1455 796; baseline 0 -18"><span class='ocrx_word' id='word_1_4' title='bbox 379 711 585 796; x_wconf 72' lang='lat' dir='ltr'><strong>transigitur,</strong></span> <span class='ocrx_word' id='word_1_5' title='bbox 603 715 700 778; x_wconf 90' lang='lat' dir='ltr'><strong>altero</strong></span> <span class='ocrx_word' id='word_1_6' title='bbox 715 714 797 796; x_wconf 82' lang='lat' dir='ltr'><strong>apud</strong></span> <span class='ocrx_word' id='word_1_7' title='bbox 819 719 965 792; x_wconf 86' lang='lat' dir='ltr'><strong>alterum,</strong></span> <span class='ocrx_word' id='word_1_8' title='bbox 980 720 1016 780; x_wconf 87' lang='lat' dir='ltr'><strong>ut</strong></span> <span class='ocrx_word' id='word_1_9' title='bbox 1029 717 1076 776; x_wconf 87' lang='lat' dir='ltr'><strong>ait</strong></span> <span class='ocrx_word' id='word_1_10' title='bbox 1091 713 1222 778; x_wconf 78' lang='lat' dir='ltr'><strong>Sallust.</strong></span> <span class='ocrx_word' id='word_1_11' title='bbox 1238 715 1317 790; x_wconf 68' lang='lat' dir='ltr'><strong>loa.</strong></span> <span class='ocrx_word' id='word_1_12' title='bbox 1327 709 1384 795; x_wconf 73' lang='lat'><strong>53.</strong></span> <span class='ocrx_word' id='word_1_13' title='bbox 1409 709 1455 790; x_wconf 62' lang='lat'><strong>¹71,</strong></span> 
     </span>
    </p>
   </div>
   <div class='ocr_carea' id='block_1_2' title="bbox 314 811 1479 4407">
    <p class='ocr_par' dir='ltr' id='par_1_2' title="bbox 374 811 1455 1577">
     <span class='ocr_line' id='line_1_3' title="bbox 382 811 1453 894; baseline 0.002 -20"><span class='ocrx_word' id='word_1_14' title='bbox 382 815 557 894; x_wconf 85' lang='lat' dir='ltr'>quidquam</span> <span class='ocrx_word' id='word_1_15' title='bbox 573 815 784 874; x_wconf 86' lang='lat' dir='ltr'><strong>communiter</strong></span> <span class='ocrx_word' id='word_1_16' title='bbox 797 813 940 889; x_wconf 82' lang='lat' dir='ltr'>faciente,</span> <span class='ocrx_word' id='word_1_17' title='bbox 955 813 1061 874; x_wconf 77' lang='lat' dir='ltr'><strong>Plani.</strong></span> <span class='ocrx_word' id='word_1_18' title='bbox 1075 811 1202 874; x_wconf 83' lang='lat' dir='ltr'><strong>Pecaul.</strong></span> <span class='ocrx_word' id='word_1_19' title='bbox 1217 813 1245 875; x_wconf 86' lang='grc'><strong>2.</strong></span> <span class='ocrx_word' id='word_1_20' title='bbox 1262 813 1316 874; x_wconf 87' lang='grc'><strong>39.</strong></span> <span class='ocrx_word' id='word_1_21' title='bbox 1333 847 1355 859; x_wconf 92' lang='grc'>-</span> <span class='ocrx_word' id='word_1_22' title='bbox 1370 827 1453 876; x_wconf 84' lang='lat' dir='ltr'><strong>eum</strong></span> 
     </span>
     <span class='ocr_line' id='line_1_4' title="bbox 374 909 1451 990; baseline 0 -19"><span class='ocrx_word' id='word_1_23' title='bbox 374 911 530 972; x_wconf 85' lang='lat' dir='ltr'><strong>necabam</strong></span> <span class='ocrx_word' id='word_1_24' title='bbox 553 912 638 972; x_wconf 88' lang='lat' dir='ltr'><strong>illice</strong></span> <span class='ocrx_word' id='word_1_25' title='bbox 653 931 707 990; x_wconf 91' lang='lat' dir='ltr'><strong>per</strong></span> <span class='ocrx_word' id='word_1_26' title='bbox 721 911 882 972; x_wconf 88' lang='lat' dir='ltr'><strong>cerebrum</strong></span> <span class='ocrx_word' id='word_1_27' title='bbox 897 912 997 990; x_wconf 87' lang='lat' dir='ltr'><strong>pinna</strong></span> <span class='ocrx_word' id='word_1_28' title='bbox 1012 927 1070 971; x_wconf 87' lang='lat' dir='ltr'><strong>sue</strong></span> <span class='ocrx_word' id='word_1_29' title='bbox 1084 909 1147 970; x_wconf 84' lang='lat' dir='ltr'><strong>sill</strong></span> <span class='ocrx_word' id='word_1_30' title='bbox 1160 944 1191 984; x_wconf 86' lang='lat'><strong>-‚</strong></span> <span class='ocrx_word' id='word_1_31' title='bbox 1208 911 1285 971; x_wconf 75' lang='lat' dir='ltr'><strong>Ter.</strong></span> <span class='ocrx_word' id='word_1_32' title='bbox 1302 911 1451 990; x_wconf 65' lang='lat' dir='ltr'><strong>Atetta.</strong></span> 
     </span>
     <span class='ocr_line' id='line_1_5' title="bbox 374 1006 1455 1090; baseline 0 -22"><span class='ocrx_word' id='word_1_33' title='bbox 374 1009 408 1068; x_wconf 74' lang='lat'><strong>5.</strong></span> <span class='ocrx_word' id='word_1_34' title='bbox 419 1007 445 1068; x_wconf 89' lang='lat'><strong>8.</strong></span> <span class='ocrx_word' id='word_1_35' title='bbox 460 1007 508 1090; x_wconf 59' lang='lat'><strong>355·</strong></span> <span class='ocrx_word' id='word_1_36' title='bbox 522 1043 544 1054; x_wconf 91' lang='lat'>-</span> <span class='ocrx_word' id='word_1_37' title='bbox 560 1027 617 1068; x_wconf 90' lang='lat' dir='ltr'><strong>suo</strong></span> <span class='ocrx_word' id='word_1_38' title='bbox 634 1007 696 1068; x_wconf 82' lang='lat' dir='ltr'><strong>sibi</strong></span> <span class='ocrx_word' id='word_1_39' title='bbox 710 1007 796 1068; x_wconf 88' lang='lat' dir='ltr'><strong>hunc</strong></span> <span class='ocrx_word' id='word_1_40' title='bbox 811 1008 920 1086; x_wconf 77' lang='lat' dir='ltr'><strong>gladio</strong></span> <span class='ocrx_word' id='word_1_41' title='bbox 935 1009 1047 1086; x_wconf 81' lang='lat' dir='ltr'><strong>iugulo</strong></span> <span class='ocrx_word' id='word_1_42' title='bbox 1058 1042 1079 1054; x_wconf 87' lang='lat'><em>-</em></span> <span class='ocrx_word' id='word_1_43' title='bbox 1095 1008 1174 1068; x_wconf 89' lang='lat' dir='ltr'><strong>etin</strong></span> <span class='ocrx_word' id='word_1_44' title='bbox 1190 1006 1357 1070; x_wconf 73' lang='lat' dir='ltr'><em>Sallustio</em></span> <span class='ocrx_word' id='word_1_45' title='bbox 1376 1009 1455 1068; x_wconf 85' lang='lat' dir='ltr'><strong>Cat.</strong></span> 
     </span>
     <span class='ocr_line' id='line_1_6' title="bbox 379 1105 1455 1167; baseline 0 0"><span class='ocrx_word' id='word_1_46' title='bbox 379 1105 428 1167; x_wconf 98' lang='grc'><strong>22.</strong></span> <span class='ocrx_word' id='word_1_47' title='bbox 449 1106 478 1166; x_wconf 90' lang='grc'><strong>2.</strong></span> <span class='ocrx_word' id='word_1_48' title='bbox 500 1137 522 1151; x_wconf 90' lang='lat'>-</span> <span class='ocrx_word' id='word_1_49' title='bbox 544 1105 629 1166; x_wconf 82' lang='lat' dir='ltr'><strong>alius</strong></span> <span class='ocrx_word' id='word_1_50' title='bbox 650 1105 711 1165; x_wconf 76' lang='lat' dir='ltr'><strong>ultr·</strong></span> <span class='ocrx_word' id='word_1_51' title='bbox 730 1106 811 1165; x_wconf 90' lang='lat' dir='ltr'><strong>tanti</strong></span> <span class='ocrx_word' id='word_1_52' title='bbox 833 1105 983 1166; x_wconf 84' lang='lat' dir='ltr'><strong>facinoris</strong></span> <span class='ocrx_word' id='word_1_53' title='bbox 998 1107 1121 1166; x_wconf 85' lang='lat' dir='ltr'><strong>conscii</strong></span> <span class='ocrx_word' id='word_1_54' title='bbox 1140 1105 1225 1164; x_wconf 82' lang='lat' dir='ltr'><strong>-cui</strong></span> <span class='ocrx_word' id='word_1_55' title='bbox 1254 1105 1375 1166; x_wconf 87' lang='lat' dir='ltr'><strong>simile</strong></span> <span class='ocrx_word' id='word_1_56' title='bbox 1399 1111 1455 1167; x_wconf 83' lang='lat' dir='ltr'><strong>est</strong></span> 
     </span>
     <span class='ocr_line' id='line_1_7' title="bbox 375 1201 1451 1264; baseline 0 -2"><span class='ocrx_word' id='word_1_57' title='bbox 375 1201 568 1263; x_wconf 71' lang='lat' dir='ltr'><strong>Plautinum</strong></span> <span class='ocrx_word' id='word_1_58' title='bbox 591 1235 612 1250; x_wconf 89' lang='lat'><em>-</em></span> <span class='ocrx_word' id='word_1_59' title='bbox 636 1203 806 1262; x_wconf 74' lang='lat' dir='ltr'><strong>inscientes</strong></span> <span class='ocrx_word' id='word_1_60' title='bbox 828 1219 904 1263; x_wconf 83' lang='lat' dir='ltr'><strong>suae</strong></span> <span class='ocrx_word' id='word_1_61' title='bbox 924 1201 987 1262; x_wconf 80' lang='lat' dir='ltr'><strong>sili</strong></span> <span class='ocrx_word' id='word_1_62' title='bbox 1007 1201 1153 1264; x_wconf 81' lang='lat' dir='ltr'><strong>fallaciae</strong></span> <span class='ocrx_word' id='word_1_63' title='bbox 1174 1235 1196 1246; x_wconf 92' lang='lat'>-</span> <span class='ocrx_word' id='word_1_64' title='bbox 1218 1201 1311 1263; x_wconf 80' lang='lat' dir='ltr'><strong>Haec</strong></span> <span class='ocrx_word' id='word_1_65' title='bbox 1334 1202 1451 1264; x_wconf 89' lang='lat' dir='ltr'><strong>dicere</strong></span> 
     </span>
     <span class='ocr_line' id='line_1_8' title="bbox 381 1297 1453 1380; baseline -0.001 -20"><span class='ocrx_word' id='word_1_66' title='bbox 381 1301 511 1379; x_wconf 81' lang='lat' dir='ltr'><strong>impulit</strong></span> <span class='ocrx_word' id='word_1_67' title='bbox 528 1297 654 1362; x_wconf 75' lang='lat' dir='ltr'><strong>Cottius</strong></span> <span class='ocrx_word' id='word_1_68' title='bbox 669 1301 789 1378; x_wconf 86' lang='lat' dir='ltr'><strong>aliique</strong></span> <span class='ocrx_word' id='word_1_69' title='bbox 803 1298 1001 1378; x_wconf 72' lang='lat' dir='ltr'><strong>interpretes,</strong></span> <span class='ocrx_word' id='word_1_70' title='bbox 1023 1301 1080 1380; x_wconf 91' lang='lat' dir='ltr'><strong>qui</strong></span> <span class='ocrx_word' id='word_1_71' title='bbox 1100 1299 1197 1362; x_wconf 83' lang='lat' dir='ltr'><strong>verbu</strong></span> <span class='ocrx_word' id='word_1_72' title='bbox 1220 1332 1240 1347; x_wconf 85' lang='lat'>-</span> <span class='ocrx_word' id='word_1_73' title='bbox 1264 1300 1359 1361; x_wconf 83' lang='lat' dir='ltr'><strong>alius</strong></span> <span class='ocrx_word' id='word_1_74' title='bbox 1387 1301 1453 1360; x_wconf 85' lang='lat' dir='ltr'><strong>alii</strong></span> 
     </span>
     <span class='ocr_line' id='line_1_9' title="bbox 381 1394 1454 1478; baseline 0.006 -24"><span class='ocrx_word' id='word_1_75' title='bbox 381 1394 480 1458; x_wconf 84' lang='lat' dir='ltr'><strong>uarie</strong></span> <span class='ocrx_word' id='word_1_76' title='bbox 496 1395 758 1458; x_wconf 77' lang='lat' dir='ltr'><strong>adsentiebantur</strong></span> <span class='ocrx_word' id='word_1_77' title='bbox 785 1429 808 1444; x_wconf 87' lang='lat'><em>-</em></span> <span class='ocrx_word' id='word_1_78' title='bbox 835 1397 1039 1476; x_wconf 78' lang='lat' dir='ltr'><strong>explicarunt</strong></span> <span class='ocrx_word' id='word_1_79' title='bbox 1059 1430 1081 1441; x_wconf 92' lang='lat'>-</span> <span class='ocrx_word' id='word_1_80' title='bbox 1104 1397 1214 1457; x_wconf 84' lang='lat' dir='ltr'><strong>Silene</strong></span> <span class='ocrx_word' id='word_1_81' title='bbox 1240 1416 1362 1478; x_wconf 86' lang='lat' dir='ltr'><strong>nempe</strong></span> <span class='ocrx_word' id='word_1_82' title='bbox 1389 1403 1454 1474; x_wconf 75' lang='lat' dir='ltr'><strong>aut</strong></span> 
     </span>
     <span class='ocr_line' id='line_1_10' title="bbox 376 1493 1152 1577; baseline -0.001 -22"><span class='ocrx_word' id='word_1_83' title='bbox 376 1493 497 1556; x_wconf 86' lang='lat' dir='ltr'><strong>-Neroni</strong></span> <span class='ocrx_word' id='word_1_84' title='bbox 519 1497 574 1577; x_wconf 84' lang='lat' dir='ltr'><strong>aut</strong></span> <span class='ocrx_word' id='word_1_85' title='bbox 603 1493 748 1568; x_wconf 81' lang='lat' dir='ltr'><strong>Caesari,</strong></span> <span class='ocrx_word' id='word_1_86' title='bbox 770 1495 905 1554; x_wconf 87' lang='lat' dir='ltr'><strong>variatis</strong></span> <span class='ocrx_word' id='word_1_87' title='bbox 927 1495 1095 1555; x_wconf 76' lang='lat' dir='ltr'><strong>sententiis</strong></span> <span class='ocrx_word' id='word_1_88' title='bbox 1113 1523 1152 1554; x_wconf 47' lang='grc'><strong>’-.</strong></span> 
     </span>
    </p>

    <p class='ocr_par' dir='ltr' id='par_1_3' title="bbox 375 1589 1479 2254">
     <span class='ocr_line' id='line_1_11' title="bbox 459 1589 1479 1670; baseline 0.002 -20"><span class='ocrx_word' id='word_1_89' title='bbox 459 1589 583 1652; x_wconf 85' lang='lat' dir='ltr'><strong>Latinis</strong></span> <span class='ocrx_word' id='word_1_90' title='bbox 605 1607 704 1670; x_wconf 86' lang='lat' dir='ltr'><strong>aeque</strong></span> <span class='ocrx_word' id='word_1_91' title='bbox 724 1591 881 1652; x_wconf 88' lang='lat' dir='ltr'><strong>usitatum</strong></span> <span class='ocrx_word' id='word_1_92' title='bbox 902 1591 1039 1651; x_wconf 81' lang='lat' dir='ltr'><strong>assentio</strong></span> <span class='ocrx_word' id='word_1_93' title='bbox 1062 1595 1093 1652; x_wconf 89' lang='lat' dir='ltr'><strong>et</strong></span> <span class='ocrx_word' id='word_1_94' title='bbox 1119 1591 1297 1665; x_wconf 70' lang='lat' dir='ltr'><strong>eusealius,</strong></span> <span class='ocrx_word' id='word_1_95' title='bbox 1330 1591 1452 1654; x_wconf 72' lang='lat' dir='ltr'><strong>Plorat.</strong></span> <span class='ocrx_word' id='word_1_96' title='bbox 1477 1640 1479 1644; x_wconf 92' lang='lat'>.</span> 
     </span>
     <span class='ocr_line' id='line_1_12' title="bbox 375 1686 1452 1766; baseline -0.001 -17"><span class='ocrx_word' id='word_1_97' title='bbox 375 1687 540 1766; x_wconf 70' lang='lat' dir='ltr'><strong>Amphitr.</strong></span> <span class='ocrx_word' id='word_1_98' title='bbox 555 1687 589 1749; x_wconf 81' lang='grc'><strong>2.</strong></span> <span class='ocrx_word' id='word_1_99' title='bbox 610 1687 639 1749; x_wconf 91' lang='grc'><strong>2.</strong></span> <span class='ocrx_word' id='word_1_100' title='bbox 662 1688 737 1762; x_wconf 79' lang='lat'><strong>192„</strong></span> <span class='ocrx_word' id='word_1_101' title='bbox 758 1688 815 1750; x_wconf 87' lang='lat' dir='ltr'><strong>sed</strong></span> <span class='ocrx_word' id='word_1_102' title='bbox 831 1688 887 1766; x_wconf 90' lang='lat' dir='ltr'><strong>qui</strong></span> <span class='ocrx_word' id='word_1_103' title='bbox 908 1703 968 1746; x_wconf 83' lang='lat' dir='ltr'><strong>une</strong></span> <span class='ocrx_word' id='word_1_104' title='bbox 988 1686 1074 1748; x_wconf 82' lang='lat' dir='ltr'><strong>oorlo</strong></span> <span class='ocrx_word' id='word_1_105' title='bbox 1090 1690 1284 1749; x_wconf 84' lang='lat' dir='ltr'><strong>sententiam</strong></span> <span class='ocrx_word' id='word_1_106' title='bbox 1300 1689 1452 1750; x_wconf 84' lang='lat' dir='ltr'><strong>alterius</strong></span> 
     </span>
     <span class='ocr_line' id='line_1_13' title="bbox 376 1783 1448 1866; baseline 0.003 -22"><span class='ocrx_word' id='word_1_107' title='bbox 376 1785 611 1866; x_wconf 72' lang='lat' dir='ltr'><strong>probabuntun</strong></span> <span class='ocrx_word' id='word_1_108' title='bbox 633 1783 771 1858; x_wconf 80' lang='lat' dir='ltr'><strong>Secuto,</strong></span> <span class='ocrx_word' id='word_1_109' title='bbox 795 1785 937 1846; x_wconf 86' lang='lat' dir='ltr'><strong>solebant</strong></span> <span class='ocrx_word' id='word_1_110' title='bbox 965 1784 1070 1846; x_wconf 82' lang='lat' dir='ltr'><strong>dicere</strong></span> <span class='ocrx_word' id='word_1_111' title='bbox 1098 1788 1273 1859; x_wconf 71' lang='lat' dir='ltr'><strong>assentior,</strong></span> <span class='ocrx_word' id='word_1_112' title='bbox 1305 1793 1448 1848; x_wconf 89' lang='lat' dir='ltr'><strong>notante</strong></span> 
     </span>
     <span class='ocr_line' id='line_1_14' title="bbox 382 1881 1450 1957; baseline 0.001 -15"><span class='ocrx_word' id='word_1_113' title='bbox 382 1882 428 1942; x_wconf 88' lang='lat' dir='ltr'><strong>M.</strong></span> <span class='ocrx_word' id='word_1_114' title='bbox 447 1881 583 1944; x_wconf 78' lang='lat' dir='ltr'><strong>Varrone</strong></span> <span class='ocrx_word' id='word_1_115' title='bbox 596 1881 640 1942; x_wconf 84' lang='lat' dir='ltr'><strong>ele</strong></span> <span class='ocrx_word' id='word_1_116' title='bbox 661 1881 901 1957; x_wconf 73' lang='lat' dir='ltr'><strong>liupoatattoa</strong></span> <span class='ocrx_word' id='word_1_117' title='bbox 913 1883 1111 1945; x_wconf 87' lang='lat' dir='ltr'><strong>-Assentior</strong></span> <span class='ocrx_word' id='word_1_118' title='bbox 1125 1889 1231 1944; x_wconf 88' lang='lat' dir='ltr'><strong>tamen</strong></span> <span class='ocrx_word' id='word_1_119' title='bbox 1246 1883 1312 1946; x_wconf 87' lang='lat' dir='ltr'><strong>lere</strong></span> <span class='ocrx_word' id='word_1_120' title='bbox 1328 1902 1450 1946; x_wconf 82' lang='lat' dir='ltr'><strong>omnes</strong></span> 
     </span>
     <span class='ocr_line' id='line_1_15' title="bbox 376 1977 1455 2054; baseline 0.002 -16"><span class='ocrx_word' id='word_1_121' title='bbox 376 1979 503 2040; x_wconf 86' lang='lat' dir='ltr'><strong>dicunt.</strong></span> <span class='ocrx_word' id='word_1_122' title='bbox 525 1977 661 2040; x_wconf 81' lang='lat' dir='ltr'><strong>Sisenna</strong></span> <span class='ocrx_word' id='word_1_123' title='bbox 682 1997 765 2040; x_wconf 90' lang='lat' dir='ltr'><strong>uuus</strong></span> <span class='ocrx_word' id='word_1_124' title='bbox 787 1980 926 2041; x_wconf 84' lang='lat' dir='ltr'><strong>assentio</strong></span> <span class='ocrx_word' id='word_1_125' title='bbox 947 1980 981 2040; x_wconf 89' lang='lat' dir='ltr'><strong>iu</strong></span> <span class='ocrx_word' id='word_1_126' title='bbox 1003 1979 1122 2042; x_wconf 82' lang='lat' dir='ltr'><strong>Senatu</strong></span> <span class='ocrx_word' id='word_1_127' title='bbox 1144 1980 1277 2054; x_wconf 87' lang='lat' dir='ltr'><strong>dicebat,</strong></span> <span class='ocrx_word' id='word_1_128' title='bbox 1301 1988 1336 2042; x_wconf 89' lang='lat' dir='ltr'><strong>et</strong></span> <span class='ocrx_word' id='word_1_129' title='bbox 1368 1996 1455 2052; x_wconf 53' lang='lat' dir='ltr'><strong>eum,</strong></span> 
     </span>
     <span class='ocr_line' id='line_1_16' title="bbox 378 2076 1449 2156; baseline 0.007 -23"><span class='ocrx_word' id='word_1_130' title='bbox 378 2081 490 2156; x_wconf 71' lang='lat' dir='ltr'><strong>‚postea</strong></span> <span class='ocrx_word' id='word_1_131' title='bbox 512 2076 605 2136; x_wconf 89' lang='lat' dir='ltr'><strong>multi</strong></span> <span class='ocrx_word' id='word_1_132' title='bbox 627 2077 765 2155; x_wconf 86' lang='lat' dir='ltr'><strong>sequuti,</strong></span> <span class='ocrx_word' id='word_1_133' title='bbox 786 2095 889 2156; x_wconf 88' lang='lat' dir='ltr'><strong>neque</strong></span> <span class='ocrx_word' id='word_1_134' title='bbox 908 2082 1015 2140; x_wconf 84' lang='lat' dir='ltr'><strong>tamen</strong></span> <span class='ocrx_word' id='word_1_135' title='bbox 1031 2079 1157 2140; x_wconf 85' lang='lat' dir='ltr'><strong>vincere</strong></span> <span class='ocrx_word' id='word_1_136' title='bbox 1171 2079 1449 2141; x_wconf 86' lang='lat' dir='ltr'><strong>consuetudinem</strong></span> 
     </span>
     <span class='ocr_line' id='line_1_17' title="bbox 379 2173 962 2254; baseline -0.007 -14"><span class='ocrx_word' id='word_1_137' title='bbox 379 2179 554 2254; x_wconf 64' lang='lat' dir='ltr'><strong>,potuerunt</strong></span> <span class='ocrx_word' id='word_1_138' title='bbox 573 2207 602 2249; x_wconf 88' lang='lat'><strong>-‚</strong></span> <span class='ocrx_word' id='word_1_139' title='bbox 624 2180 661 2235; x_wconf 89' lang='lat' dir='ltr'><strong>ut</strong></span> <span class='ocrx_word' id='word_1_140' title='bbox 680 2194 720 2236; x_wconf 87' lang='lat' dir='ltr'><strong>ex</strong></span> <span class='ocrx_word' id='word_1_141' title='bbox 744 2173 843 2238; x_wconf 77' lang='lat' dir='ltr'><strong>Gellio</strong></span> <span class='ocrx_word' id='word_1_142' title='bbox 863 2175 892 2237; x_wconf 85' lang='lat'><strong>2.</strong></span> <span class='ocrx_word' id='word_1_143' title='bbox 913 2175 962 2238; x_wconf 79' lang='grc'><strong>25.</strong></span> 
     </span>
    </p>

    <p class='ocr_par' dir='ltr' id='par_1_4' title="bbox 314 2271 1453 3116">
     <span class='ocr_line' id='line_1_18' title="bbox 464 2271 1450 2350; baseline 0.005 -20"><span class='ocrx_word' id='word_1_144' title='bbox 464 2271 496 2331; x_wconf 82' lang='lat'><strong>0.</strong></span> <span class='ocrx_word' id='word_1_145' title='bbox 518 2271 566 2334; x_wconf 85' lang='lat'><strong>52.</strong></span> <span class='ocrx_word' id='word_1_146' title='bbox 586 2272 615 2334; x_wconf 91' lang='grc'><strong>2.</strong></span> <span class='ocrx_word' id='word_1_147' title='bbox 639 2291 655 2330; x_wconf 86' lang='lat'>«</span> <span class='ocrx_word' id='word_1_148' title='bbox 677 2271 785 2350; x_wconf 80' lang='lat' dir='ltr'><strong>Longe</strong></span> <span class='ocrx_word' id='word_1_149' title='bbox 806 2273 872 2334; x_wconf 88' lang='lat' dir='ltr'><strong>alie</strong></span> <span class='ocrx_word' id='word_1_150' title='bbox 894 2273 974 2334; x_wconf 90' lang='lat' dir='ltr'><strong>mihi</strong></span> <span class='ocrx_word' id='word_1_151' title='bbox 990 2293 1079 2335; x_wconf 87' lang='lat' dir='ltr'><strong>mens</strong></span> <span class='ocrx_word' id='word_1_152' title='bbox 1095 2275 1151 2349; x_wconf 85' lang='lat' dir='ltr'><strong>eet,</strong></span> <span class='ocrx_word' id='word_1_153' title='bbox 1167 2273 1278 2334; x_wconf 87' lang='lat' dir='ltr'><strong>Patres</strong></span> <span class='ocrx_word' id='word_1_154' title='bbox 1292 2275 1450 2336; x_wconf 59' lang='lat' dir='ltr'><strong>conseri*-</strong></span> 
     </span>
     <span class='ocr_line' id='line_1_19' title="bbox 380 2370 1447 2450; baseline 0.002 -20"><span class='ocrx_word' id='word_1_155' title='bbox 380 2370 440 2450; x_wconf 66' lang='lat' dir='ltr'><strong>ab,</strong></span> <span class='ocrx_word' id='word_1_156' title='bbox 461 2386 535 2430; x_wconf 88' lang='lat' dir='ltr'><strong>cum</strong></span> <span class='ocrx_word' id='word_1_157' title='bbox 556 2389 606 2432; x_wconf 88' lang='lat' dir='ltr'><strong>res</strong></span> <span class='ocrx_word' id='word_1_158' title='bbox 627 2375 722 2449; x_wconf 89' lang='lat' dir='ltr'><strong>atque</strong></span> <span class='ocrx_word' id='word_1_159' title='bbox 741 2372 885 2450; x_wconf 88' lang='lat' dir='ltr'><strong>pericula</strong></span> <span class='ocrx_word' id='word_1_160' title='bbox 905 2377 1015 2432; x_wconf 88' lang='lat' dir='ltr'><strong>nostra</strong></span> <span class='ocrx_word' id='word_1_161' title='bbox 1035 2371 1208 2445; x_wconf 88' lang='lat' dir='ltr'><strong>considero,</strong></span> <span class='ocrx_word' id='word_1_162' title='bbox 1223 2376 1341 2432; x_wconf 87' lang='lat' dir='ltr'><strong>etcum</strong></span> <span class='ocrx_word' id='word_1_163' title='bbox 1359 2384 1447 2433; x_wconf 55' lang='lat' dir='ltr'><strong>sene·</strong></span> 
     </span>
     <span class='ocr_line' id='line_1_20' title="bbox 384 2466 1447 2547; baseline 0.001 -19"><span class='ocrx_word' id='word_1_164' title='bbox 384 2469 500 2530; x_wconf 89' lang='lat' dir='ltr'><strong>tentias</strong></span> <span class='ocrx_word' id='word_1_165' title='bbox 522 2469 746 2530; x_wconf 88' lang='lat' dir='ltr'><strong>nonnullorum</strong></span> <span class='ocrx_word' id='word_1_166' title='bbox 770 2469 836 2546; x_wconf 88' lang='lat' dir='ltr'><strong>ipse</strong></span> <span class='ocrx_word' id='word_1_167' title='bbox 858 2484 983 2528; x_wconf 87' lang='lat' dir='ltr'><strong>mecum</strong></span> <span class='ocrx_word' id='word_1_168' title='bbox 1005 2477 1114 2547; x_wconf 89' lang='lat' dir='ltr'><strong>reputo</strong></span> <span class='ocrx_word' id='word_1_169' title='bbox 1129 2489 1146 2528; x_wconf 77' lang='lat' dir='ltr'><strong>r&gt;</strong></span> <span class='ocrx_word' id='word_1_170' title='bbox 1164 2466 1324 2538; x_wconf 88' lang='lat' dir='ltr'><strong>Quaedam</strong></span> <span class='ocrx_word' id='word_1_171' title='bbox 1341 2469 1447 2529; x_wconf 47' lang='lat' dir='ltr'><strong>simi*</strong></span> 
     </span>
     <span class='ocr_line' id='line_1_21' title="bbox 381 2563 1446 2644; baseline 0.002 -20"><span class='ocrx_word' id='word_1_172' title='bbox 381 2563 533 2624; x_wconf 78' lang='lat' dir='ltr'><strong>iitudinis</strong></span> <span class='ocrx_word' id='word_1_173' title='bbox 549 2565 668 2644; x_wconf 87' lang='lat' dir='ltr'><strong>species</strong></span> <span class='ocrx_word' id='word_1_174' title='bbox 684 2563 789 2624; x_wconf 80' lang='lat' dir='ltr'><strong>effecit</strong></span> <span class='ocrx_word' id='word_1_175' title='bbox 803 2568 840 2623; x_wconf 87' lang='lat' dir='ltr'><strong>ut</strong></span> <span class='ocrx_word' id='word_1_176' title='bbox 852 2564 911 2624; x_wconf 89' lang='lat' dir='ltr'><strong>hoc</strong></span> <span class='ocrx_word' id='word_1_177' title='bbox 927 2564 1056 2624; x_wconf 90' lang='lat' dir='ltr'><strong>initium</strong></span> <span class='ocrx_word' id='word_1_178' title='bbox 1070 2565 1221 2625; x_wconf 86' lang='lat' dir='ltr'><strong>orationis</strong></span> <span class='ocrx_word' id='word_1_179' title='bbox 1243 2565 1446 2643; x_wconf 88' lang='lat' dir='ltr'><strong>quibusdam</strong></span> 
     </span>
     <span class='ocr_line' id='line_1_22' title="bbox 385 2657 1453 2741; baseline 0.006 -23"><span class='ocrx_word' id='word_1_180' title='bbox 385 2658 532 2719; x_wconf 76' lang='lat' dir='ltr'><strong>uideatur</strong></span> <span class='ocrx_word' id='word_1_181' title='bbox 552 2665 716 2740; x_wconf 89' lang='lat' dir='ltr'><strong>sumptum</strong></span> <span class='ocrx_word' id='word_1_182' title='bbox 736 2680 777 2722; x_wconf 85' lang='lat' dir='ltr'><strong>ex</strong></span> <span class='ocrx_word' id='word_1_183' title='bbox 796 2659 1016 2722; x_wconf 67' lang='lat' dir='ltr'><strong>Demosthenis</strong></span> <span class='ocrx_word' id='word_1_184' title='bbox 1042 2659 1165 2741; x_wconf 71' lang='lat' dir='ltr'><strong>otpolt.</strong></span> <span class='ocrx_word' id='word_1_185' title='bbox 1180 2662 1207 2722; x_wconf 89' lang='grc'><strong>3.</strong></span> <span class='ocrx_word' id='word_1_186' title='bbox 1217 2657 1332 2740; x_wconf 73' lang='lat' dir='ltr'><strong>prisea,</strong></span> <span class='ocrx_word' id='word_1_187' title='bbox 1346 2668 1380 2723; x_wconf 87' lang='lat' dir='ltr'><strong>et</strong></span> <span class='ocrx_word' id='word_1_188' title='bbox 1397 2659 1453 2724; x_wconf 77' lang='lat' dir='ltr'><strong>ita&#39;</strong></span> 
     </span>
     <span class='ocr_line' id='line_1_23' title="bbox 386 2755 1445 2840; baseline 0.007 -25"><span class='ocrx_word' id='word_1_189' title='bbox 386 2755 636 2834; x_wconf 84' lang='lat' dir='ltr'><strong>intelligendum</strong></span> <span class='ocrx_word' id='word_1_190' title='bbox 659 2791 681 2802; x_wconf 91' lang='lat'>-</span> <span class='ocrx_word' id='word_1_191' title='bbox 701 2756 779 2819; x_wconf 80' lang='lat' dir='ltr'><strong>Alta</strong></span> <span class='ocrx_word' id='word_1_192' title='bbox 799 2758 880 2818; x_wconf 90' lang='lat' dir='ltr'><strong>mibi</strong></span> <span class='ocrx_word' id='word_1_193' title='bbox 902 2777 992 2820; x_wconf 87' lang='lat' dir='ltr'><strong>mens</strong></span> <span class='ocrx_word' id='word_1_194' title='bbox 1011 2765 1061 2822; x_wconf 86' lang='lat' dir='ltr'><strong>est</strong></span> <span class='ocrx_word' id='word_1_195' title='bbox 1081 2778 1154 2822; x_wconf 89' lang='lat' dir='ltr'><strong>cum</strong></span> <span class='ocrx_word' id='word_1_196' title='bbox 1176 2779 1225 2822; x_wconf 87' lang='lat' dir='ltr'><strong>res</strong></span> <span class='ocrx_word' id='word_1_197' title='bbox 1246 2765 1276 2822; x_wconf 87' lang='lat' dir='ltr'><strong>et</strong></span> <span class='ocrx_word' id='word_1_198' title='bbox 1296 2762 1445 2840; x_wconf 81' lang='lat' dir='ltr'><strong>pericula</strong></span> 
     </span>
     <span class='ocr_line' id='line_1_24' title="bbox 381 2853 1445 2938; baseline 0.006 -24"><span class='ocrx_word' id='word_1_199' title='bbox 381 2853 558 2930; x_wconf 82' lang='lat' dir='ltr'><strong>considero,</strong></span> <span class='ocrx_word' id='word_1_200' title='bbox 578 2853 646 2915; x_wconf 83' lang='lat' dir='ltr'><strong>allo</strong></span> <span class='ocrx_word' id='word_1_201' title='bbox 665 2873 739 2918; x_wconf 90' lang='lat' dir='ltr'><strong>cum</strong></span> <span class='ocrx_word' id='word_1_202' title='bbox 762 2857 937 2916; x_wconf 86' lang='lat' dir='ltr'><strong>sententias</strong></span> <span class='ocrx_word' id='word_1_203' title='bbox 957 2857 1185 2918; x_wconf 88' lang='lat' dir='ltr'><strong>nonnullorum</strong></span> <span class='ocrx_word' id='word_1_204' title='bbox 1201 2865 1312 2938; x_wconf 87' lang='lat' dir='ltr'><strong>reputo</strong></span> <span class='ocrx_word' id='word_1_205' title='bbox 1325 2891 1348 2902; x_wconf 94' lang='lat'><em>-</em></span> <span class='ocrx_word' id='word_1_206' title='bbox 1362 2859 1445 2920; x_wconf 80' lang='lat' dir='ltr'><strong>Post</strong></span> 
     </span>
     <span class='ocr_line' id='line_1_25' title="bbox 387 2954 1444 3036; baseline 0.006 -24"><span class='ocrx_word' id='word_1_207' title='bbox 387 2971 457 3012; x_wconf 89' lang='lat' dir='ltr'><strong>eum</strong></span> <span class='ocrx_word' id='word_1_208' title='bbox 480 2954 536 3031; x_wconf 92' lang='lat' dir='ltr'><strong>qui</strong></span> <span class='ocrx_word' id='word_1_209' title='bbox 558 2955 681 3032; x_wconf 86' lang='lat' dir='ltr'><strong>primus</strong></span> <span class='ocrx_word' id='word_1_210' title='bbox 704 2955 835 3028; x_wconf 83' lang='lat' dir='ltr'><strong>invenit,</strong></span> <span class='ocrx_word' id='word_1_211' title='bbox 857 2955 913 3016; x_wconf 86' lang='lat' dir='ltr'><strong>alii</strong></span> <span class='ocrx_word' id='word_1_212' title='bbox 935 2975 1041 3016; x_wconf 86' lang='lat' dir='ltr'><strong>emnes</strong></span> <span class='ocrx_word' id='word_1_213' title='bbox 1063 2975 1159 3036; x_wconf 87' lang='lat' dir='ltr'><strong>prone</strong></span> <span class='ocrx_word' id='word_1_214' title='bbox 1180 2959 1287 3036; x_wconf 83' lang='lat' dir='ltr'><strong>capite</strong></span> <span class='ocrx_word' id='word_1_215' title='bbox 1310 2957 1444 3036; x_wconf 77' lang='lat' dir='ltr'><strong>seqdut&#39;i</strong></span> 
     </span>
     <span class='ocr_line' id='line_1_26' title="bbox 314 3049 1443 3116; baseline 0.004 -7"><span class='ocrx_word' id='word_1_216' title='bbox 314 3051 315 3054; x_wconf 74' lang='grc'>’</span> <span class='ocrx_word' id='word_1_217' title='bbox 381 3055 471 3111; x_wconf 87' lang='lat' dir='ltr'><strong>sunt.</strong></span> <span class='ocrx_word' id='word_1_218' title='bbox 493 3049 554 3110; x_wconf 81' lang='lat' dir='ltr'><strong>Sed</strong></span> <span class='ocrx_word' id='word_1_219' title='bbox 568 3067 647 3112; x_wconf 87' lang='lat' dir='ltr'><strong>cum</strong></span> <span class='ocrx_word' id='word_1_220' title='bbox 669 3053 809 3113; x_wconf 85' lang='lat' dir='ltr'><strong>sciamus</strong></span> <span class='ocrx_word' id='word_1_221' title='bbox 830 3073 870 3114; x_wconf 85' lang='lat' dir='ltr'><strong>ex</strong></span> <span class='ocrx_word' id='word_1_222' title='bbox 890 3053 1060 3116; x_wconf 83' lang='lat' dir='ltr'><strong>Platorclo</strong></span> <span class='ocrx_word' id='word_1_223' title='bbox 1069 3056 1110 3115; x_wconf 85' lang='lat' dir='ltr'><strong>in</strong></span> <span class='ocrx_word' id='word_1_224' title='bbox 1132 3053 1244 3114; x_wconf 80' lang='lat' dir='ltr'><strong>Catone</strong></span> <span class='ocrx_word' id='word_1_225' title='bbox 1258 3054 1380 3114; x_wconf 81' lang='lat' dir='ltr'><strong>minore</strong></span> <span class='ocrx_word' id='word_1_226' title='bbox 1409 3053 1443 3116; x_wconf 79' lang='lat'><strong>0.</strong></span> 
     </span>
    </p>

    <p class='ocr_par' dir='ltr' id='par_1_5' title="bbox 353 3147 1444 4407">
     <span class='ocr_line' id='line_1_27' title="bbox 382 3147 1443 3230; baseline 0.004 -22"><span class='ocrx_word' id='word_1_227' title='bbox 382 3147 435 3209; x_wconf 80' lang='grc'><strong>23.</strong></span> <span class='ocrx_word' id='word_1_228' title='bbox 456 3147 609 3226; x_wconf 85' lang='lat' dir='ltr'><strong>quosdam</strong></span> <span class='ocrx_word' id='word_1_229' title='bbox 630 3151 877 3230; x_wconf 79' lang='grc' dir='ltr'><strong>σημειογράφους,</strong></span> <span class='ocrx_word' id='word_1_230' title='bbox 892 3152 947 3229; x_wconf 92' lang='lat' dir='ltr'><strong>qui</strong></span> <span class='ocrx_word' id='word_1_231' title='bbox 964 3152 1055 3213; x_wconf 87' lang='lat' dir='ltr'><strong>valde</strong></span> <span class='ocrx_word' id='word_1_232' title='bbox 1070 3155 1265 3230; x_wconf 86' lang='lat' dir='ltr'><strong>praestarent</strong></span> <span class='ocrx_word' id='word_1_233' title='bbox 1278 3152 1443 3212; x_wconf 85' lang='lat' dir='ltr'><strong>celeritate</strong></span> 
     </span>
     <span class='ocr_line' id='line_1_28' title="bbox 388 3244 1443 3327; baseline 0.002 -21"><span class='ocrx_word' id='word_1_234' title='bbox 388 3244 546 3308; x_wconf 87' lang='lat' dir='ltr'><strong>scribendi</strong></span> <span class='ocrx_word' id='word_1_235' title='bbox 566 3265 620 3326; x_wconf 87' lang='lat' dir='ltr'><strong>per</strong></span> <span class='ocrx_word' id='word_1_236' title='bbox 640 3249 736 3324; x_wconf 75' lang='lat' dir='ltr'><strong>signa</strong></span> <span class='ocrx_word' id='word_1_237' title='bbox 756 3249 785 3308; x_wconf 79' lang='grc' dir='ltr'><strong>ἑο</strong></span> <span class='ocrx_word' id='word_1_238' title='bbox 802 3247 922 3327; x_wconf 83' lang='grc' dir='ltr'>μικροῖς</span> <span class='ocrx_word' id='word_1_239' title='bbox 946 3249 997 3310; x_wconf 84' lang='grc' dir='ltr'><strong>καί</strong></span> <span class='ocrx_word' id='word_1_240' title='bbox 1024 3248 1150 3326; x_wconf 82' lang='grc' dir='ltr'>βράχεσι</span> <span class='ocrx_word' id='word_1_241' title='bbox 1177 3249 1285 3320; x_wconf 78' lang='grc' dir='ltr'><strong>τύποις</strong></span> <span class='ocrx_word' id='word_1_242' title='bbox 1314 3248 1443 3308; x_wconf 70' lang='grc' dir='ltr'><strong>πολλῶν</strong></span> 
     </span>
     <span class='ocr_line' id='line_1_29' title="bbox 385 3343 1442 3424; baseline 0 -20"><span class='ocrx_word' id='word_1_243' title='bbox 385 3345 573 3424; x_wconf 73' lang='grc' dir='ltr'>’γραμμάτων</span> <span class='ocrx_word' id='word_1_244' title='bbox 593 3343 703 3423; x_wconf 82' lang='grc' dir='ltr'><strong>ἔχοντα</strong></span> <span class='ocrx_word' id='word_1_245' title='bbox 723 3345 864 3423; x_wconf 73' lang='grc' dir='ltr'>δύναμιν,</span> <span class='ocrx_word' id='word_1_246' title='bbox 886 3345 984 3408; x_wconf 85' lang='lat' dir='ltr'><strong>fuisse</strong></span> <span class='ocrx_word' id='word_1_247' title='bbox 1004 3365 1023 3406; x_wconf 90' lang='lat' dir='ltr'><strong>a</strong></span> <span class='ocrx_word' id='word_1_248' title='bbox 1046 3347 1196 3406; x_wconf 81' lang='lat' dir='ltr'><strong>Cicerone</strong></span> <span class='ocrx_word' id='word_1_249' title='bbox 1218 3345 1387 3424; x_wconf 87' lang='lat' dir='ltr'><strong>dispositos</strong></span> <span class='ocrx_word' id='word_1_250' title='bbox 1406 3346 1442 3404; x_wconf 89' lang='lat' dir='ltr'><strong>in</strong></span> 
     </span>
     <span class='ocr_line' id='line_1_30' title="bbox 389 3441 1440 3522; baseline -0.001 -19"><span class='ocrx_word' id='word_1_251' title='bbox 389 3441 509 3504; x_wconf 82' lang='lat' dir='ltr'><strong>Senatu</strong></span> <span class='ocrx_word' id='word_1_252' title='bbox 534 3448 570 3504; x_wconf 87' lang='lat' dir='ltr'><strong>ut</strong></span> <span class='ocrx_word' id='word_1_253' title='bbox 590 3447 748 3504; x_wconf 86' lang='lat' dir='ltr'><strong>oratorum</strong></span> <span class='ocrx_word' id='word_1_254' title='bbox 768 3445 863 3506; x_wconf 84' lang='lat' dir='ltr'><strong>verba</strong></span> <span class='ocrx_word' id='word_1_255' title='bbox 884 3445 999 3505; x_wconf 89' lang='lat' dir='ltr'><strong>litteris</strong></span> <span class='ocrx_word' id='word_1_256' title='bbox 1026 3444 1225 3522; x_wconf 86' lang='lat' dir='ltr'><strong>exciperent,</strong></span> <span class='ocrx_word' id='word_1_257' title='bbox 1252 3449 1282 3504; x_wconf 84' lang='lat' dir='ltr'><strong>et</strong></span> <span class='ocrx_word' id='word_1_258' title='bbox 1310 3443 1440 3504; x_wconf 82' lang='lat' dir='ltr'><strong>Catonis</strong></span> 
     </span>
     <span class='ocr_line' id='line_1_31' title="bbox 386 3540 1441 3614; baseline -0.001 -15"><span class='ocrx_word' id='word_1_259' title='bbox 386 3543 561 3602; x_wconf 86' lang='lat' dir='ltr'><strong>orationem</strong></span> <span class='ocrx_word' id='word_1_260' title='bbox 583 3540 668 3601; x_wconf 90' lang='lat' dir='ltr'><strong>hanc</strong></span> <span class='ocrx_word' id='word_1_261' title='bbox 686 3543 817 3602; x_wconf 86' lang='lat' dir='ltr'><strong>unicam</strong></span> <span class='ocrx_word' id='word_1_262' title='bbox 841 3546 997 3603; x_wconf 83' lang='lat' dir='ltr'><strong>servatam</strong></span> <span class='ocrx_word' id='word_1_263' title='bbox 1020 3559 1054 3601; x_wconf 90' lang='lat' dir='ltr'><strong>eo</strong></span> <span class='ocrx_word' id='word_1_264' title='bbox 1081 3540 1218 3601; x_wconf 86' lang='lat' dir='ltr'><strong>artificio</strong></span> <span class='ocrx_word' id='word_1_265' title='bbox 1240 3541 1356 3614; x_wconf 83' lang='lat' dir='ltr'><strong>fuisse,</strong></span> <span class='ocrx_word' id='word_1_266' title='bbox 1384 3557 1441 3599; x_wconf 73' lang='lat' dir='ltr'><strong>ar-</strong></span> 
     </span>
     <span class='ocr_line' id='line_1_32' title="bbox 386 3639 1441 3714; baseline 0.002 -20"><span class='ocrx_word' id='word_1_267' title='bbox 386 3655 487 3714; x_wconf 79' lang='lat' dir='ltr'><strong>guere</strong></span> <span class='ocrx_word' id='word_1_268' title='bbox 502 3639 549 3699; x_wconf 89' lang='lat' dir='ltr'><strong>fas</strong></span> <span class='ocrx_word' id='word_1_269' title='bbox 568 3646 624 3714; x_wconf 86' lang='lat' dir='ltr'><strong>est,</strong></span> <span class='ocrx_word' id='word_1_270' title='bbox 647 3641 671 3700; x_wconf 89' lang='lat' dir='ltr'><strong>si</strong></span> <span class='ocrx_word' id='word_1_271' title='bbox 695 3659 758 3700; x_wconf 89' lang='lat' dir='ltr'><strong>nou</strong></span> <span class='ocrx_word' id='word_1_272' title='bbox 780 3640 888 3702; x_wconf 87' lang='lat' dir='ltr'><strong>omnia</strong></span> <span class='ocrx_word' id='word_1_273' title='bbox 909 3639 1014 3714; x_wconf 85' lang='lat' dir='ltr'><strong>verba,</strong></span> <span class='ocrx_word' id='word_1_274' title='bbox 1037 3643 1120 3700; x_wconf 88' lang='lat' dir='ltr'><strong>certe</strong></span> <span class='ocrx_word' id='word_1_275' title='bbox 1135 3641 1324 3704; x_wconf 87' lang='lat' dir='ltr'><strong>sententiam</strong></span> <span class='ocrx_word' id='word_1_276' title='bbox 1341 3643 1371 3699; x_wconf 86' lang='lat' dir='ltr'><strong>et</strong></span> <span class='ocrx_word' id='word_1_277' title='bbox 1385 3639 1441 3697; x_wconf 86' lang='lat' dir='ltr'><strong>in·-</strong></span> 
     </span>
     <span class='ocr_line' id='line_1_33' title="bbox 389 3735 1440 3822; baseline 0 -26"><span class='ocrx_word' id='word_1_278' title='bbox 389 3735 523 3812; x_wconf 80' lang='lat' dir='ltr'><strong>genium</strong></span> <span class='ocrx_word' id='word_1_279' title='bbox 544 3737 674 3798; x_wconf 85' lang='lat' dir='ltr'><strong>Catonis</strong></span> <span class='ocrx_word' id='word_1_280' title='bbox 694 3737 748 3797; x_wconf 88' lang='lat' dir='ltr'><strong>bic</strong></span> <span class='ocrx_word' id='word_1_281' title='bbox 770 3755 838 3810; x_wconf 84' lang='lat' dir='ltr'><strong>esse</strong></span> <span class='ocrx_word' id='word_1_282' title='bbox 859 3753 1025 3822; x_wconf 80' lang='lat' dir='ltr'><strong>expressa,</strong></span> <span class='ocrx_word' id='word_1_283' title='bbox 1048 3755 1143 3816; x_wconf 91' lang='lat' dir='ltr'><strong>quem</strong></span> <span class='ocrx_word' id='word_1_284' title='bbox 1165 3739 1271 3798; x_wconf 86' lang='lat' dir='ltr'><strong>minus</strong></span> <span class='ocrx_word' id='word_1_285' title='bbox 1289 3735 1440 3797; x_wconf 89' lang='lat' dir='ltr'><strong>credibile</strong></span> 
     </span>
     <span class='ocr_line' id='line_1_34' title="bbox 386 3833 1440 3914; baseline -0.003 -20"><span class='ocrx_word' id='word_1_286' title='bbox 386 3835 492 3894; x_wconf 88' lang='lat' dir='ltr'><strong>estin</strong></span> <span class='ocrx_word' id='word_1_287' title='bbox 514 3853 546 3896; x_wconf 92' lang='lat' dir='ltr'><strong>re</strong></span> <span class='ocrx_word' id='word_1_288' title='bbox 566 3845 631 3896; x_wconf 90' lang='lat' dir='ltr'><strong>tam</strong></span> <span class='ocrx_word' id='word_1_289' title='bbox 653 3837 746 3914; x_wconf 85' lang='lat' dir='ltr'><strong>gravi</strong></span> <span class='ocrx_word' id='word_1_290' title='bbox 770 3835 909 3896; x_wconf 85' lang='lat' dir='ltr'><strong>voluisse</strong></span> <span class='ocrx_word' id='word_1_291' title='bbox 934 3835 1080 3897; x_wconf 89' lang='lat' dir='ltr'><strong>flosculos</strong></span> <span class='ocrx_word' id='word_1_292' title='bbox 1101 3855 1121 3897; x_wconf 90' lang='lat' dir='ltr'><strong>a</strong></span> <span class='ocrx_word' id='word_1_293' title='bbox 1143 3837 1274 3898; x_wconf 87' lang='lat' dir='ltr'><strong>Graecis</strong></span> <span class='ocrx_word' id='word_1_294' title='bbox 1302 3833 1440 3894; x_wconf 85' lang='lat' dir='ltr'><strong>delibare</strong></span> 
     </span>
     <span class='ocr_line' id='line_1_35' title="bbox 388 3929 1439 4013; baseline -0.006 -19"><span class='ocrx_word' id='word_1_295' title='bbox 388 3939 421 3994; x_wconf 84' lang='lat' dir='ltr'><strong>et</strong></span> <span class='ocrx_word' id='word_1_296' title='bbox 441 3932 575 3992; x_wconf 87' lang='lat' dir='ltr'><strong>aliorum</strong></span> <span class='ocrx_word' id='word_1_297' title='bbox 597 3951 694 4013; x_wconf 88' lang='lat' dir='ltr'><strong>quam</strong></span> <span class='ocrx_word' id='word_1_298' title='bbox 716 3949 807 3994; x_wconf 87' lang='lat' dir='ltr'><strong>suam</strong></span> <span class='ocrx_word' id='word_1_299' title='bbox 829 3935 919 4012; x_wconf 90' lang='lat' dir='ltr'><strong>sequi</strong></span> <span class='ocrx_word' id='word_1_300' title='bbox 942 3935 1093 3996; x_wconf 84' lang='lat' dir='ltr'><strong>rationem</strong></span> <span class='ocrx_word' id='word_1_301' title='bbox 1117 3933 1254 3993; x_wconf 89' lang='lat' dir='ltr'><strong>dicendi.</strong></span> <span class='ocrx_word' id='word_1_302' title='bbox 1277 3931 1388 4002; x_wconf 82' lang='lat' dir='ltr'><strong>Quare,</strong></span> <span class='ocrx_word' id='word_1_303' title='bbox 1410 3929 1439 3988; x_wconf 85' lang='lat' dir='ltr'><strong>si</strong></span> 
     </span>
     <span class='ocr_line' id='line_1_36' title="bbox 388 4021 1440 4105; baseline -0.006 -14"><span class='ocrx_word' id='word_1_304' title='bbox 388 4031 521 4092; x_wconf 83' lang='lat' dir='ltr'><strong>seorsim</strong></span> <span class='ocrx_word' id='word_1_305' title='bbox 543 4050 561 4091; x_wconf 88' lang='lat' dir='ltr'><strong>a</strong></span> <span class='ocrx_word' id='word_1_306' title='bbox 582 4031 794 4092; x_wconf 82' lang='lat' dir='ltr'><strong>Demosthene</strong></span> <span class='ocrx_word' id='word_1_307' title='bbox 816 4032 952 4093; x_wconf 86' lang='lat' dir='ltr'><strong>velimus</strong></span> <span class='ocrx_word' id='word_1_308' title='bbox 975 4021 1165 4092; x_wconf 84' lang='lat' dir='ltr'><strong>senteutiam</strong></span> <span class='ocrx_word' id='word_1_309' title='bbox 1182 4031 1243 4090; x_wconf 89' lang='lat' dir='ltr'><strong>leci</strong></span> <span class='ocrx_word' id='word_1_310' title='bbox 1264 4028 1440 4105; x_wconf 86' lang='lat' dir='ltr'><strong>exquirere,</strong></span> 
     </span>
     <span class='ocr_line' id='line_1_37' title="bbox 353 4122 1440 4209; baseline -0.008 -18"><span class='ocrx_word' id='word_1_311' title='bbox 353 4122 356 4129; x_wconf 47' lang='lat'><strong>⁴</strong></span> <span class='ocrx_word' id='word_1_312' title='bbox 391 4133 521 4192; x_wconf 84' lang='lat' dir='ltr'><strong>fortasse</strong></span> <span class='ocrx_word' id='word_1_313' title='bbox 544 4131 588 4190; x_wconf 87' lang='lat' dir='ltr'><strong>ita</strong></span> <span class='ocrx_word' id='word_1_314' title='bbox 608 4130 761 4190; x_wconf 86' lang='lat' dir='ltr'><strong>constitui</strong></span> <span class='ocrx_word' id='word_1_315' title='bbox 783 4128 872 4193; x_wconf 83' lang='lat' dir='ltr'><strong>deber</strong></span> <span class='ocrx_word' id='word_1_316' title='bbox 893 4157 915 4176; x_wconf 63' lang='lat'><strong>⁴-</strong></span> <span class='ocrx_word' id='word_1_317' title='bbox 935 4131 1031 4209; x_wconf 79' lang='lat' dir='ltr'><strong>longe</strong></span> <span class='ocrx_word' id='word_1_318' title='bbox 1052 4129 1118 4188; x_wconf 91' lang='lat' dir='ltr'><strong>alia</strong></span> <span class='ocrx_word' id='word_1_319' title='bbox 1139 4127 1220 4187; x_wconf 88' lang='lat' dir='ltr'><strong>mihi</strong></span> <span class='ocrx_word' id='word_1_320' title='bbox 1242 4143 1332 4187; x_wconf 89' lang='lat' dir='ltr'><strong>mens</strong></span> <span class='ocrx_word' id='word_1_321' title='bbox 1353 4128 1440 4186; x_wconf 87' lang='lat' dir='ltr'><strong>esta</strong></span> 
     </span>
     <span class='ocr_line' id='line_1_38' title="bbox 392 4225 1444 4310; baseline -0.005 -16"><span class='ocrx_word' id='word_1_322' title='bbox 392 4231 534 4305; x_wconf 80' lang='lat' dir='ltr'><strong>Caesare,</strong></span> <span class='ocrx_word' id='word_1_323' title='bbox 555 4227 798 4310; x_wconf 77' lang='lat' dir='ltr'><strong>quondoquidem</strong></span> <span class='ocrx_word' id='word_1_324' title='bbox 819 4234 850 4290; x_wconf 86' lang='lat' dir='ltr'><strong>et</strong></span> <span class='ocrx_word' id='word_1_325' title='bbox 872 4249 920 4292; x_wconf 90' lang='lat' dir='ltr'><strong>res</strong></span> <span class='ocrx_word' id='word_1_326' title='bbox 939 4234 969 4290; x_wconf 87' lang='lat' dir='ltr'><strong>et</strong></span> <span class='ocrx_word' id='word_1_327' title='bbox 989 4226 1131 4308; x_wconf 82' lang='lat' dir='ltr'><strong>perleula</strong></span> <span class='ocrx_word' id='word_1_328' title='bbox 1146 4232 1253 4286; x_wconf 86' lang='lat' dir='ltr'><strong>nostra</strong></span> <span class='ocrx_word' id='word_1_329' title='bbox 1267 4225 1444 4290; x_wconf 71' lang='lat' dir='ltr'><strong>considero,</strong></span> 
     </span>
     <span class='ocr_line' id='line_1_39' title="bbox 391 4325 1437 4407; baseline -0.005 -19"><span class='ocrx_word' id='word_1_330' title='bbox 391 4335 424 4390; x_wconf 81' lang='lat' dir='ltr'><strong>et</strong></span> <span class='ocrx_word' id='word_1_331' title='bbox 447 4329 617 4391; x_wconf 89' lang='lat' dir='ltr'><strong>nonnullos</strong></span> <span class='ocrx_word' id='word_1_332' title='bbox 639 4328 732 4391; x_wconf 91' lang='lat' dir='ltr'><strong>audio</strong></span> <span class='ocrx_word' id='word_1_333' title='bbox 755 4327 786 4390; x_wconf 91' lang='lat' dir='ltr'><strong>in</strong></span> <span class='ocrx_word' id='word_1_334' title='bbox 809 4332 873 4390; x_wconf 85' lang='lat' dir='ltr'><strong>tam</strong></span> <span class='ocrx_word' id='word_1_335' title='bbox 901 4327 991 4407; x_wconf 79' lang='lat' dir='ltr'><strong>gravi</strong></span> <span class='ocrx_word' id='word_1_336' title='bbox 1022 4325 1205 4387; x_wconf 86' lang='lat' dir='ltr'><strong>discrimine</strong></span> <span class='ocrx_word' id='word_1_337' title='bbox 1233 4325 1343 4386; x_wconf 88' lang='lat' dir='ltr'><strong>mitius</strong></span> <span class='ocrx_word' id='word_1_338' title='bbox 1366 4343 1437 4386; x_wconf 73' lang='lat' dir='ltr'><strong>serr«</strong></span> 
     </span>
    </p>
   </div>
   <div class='ocr_carea' id='block_1_3' title="bbox 0 0 1666 5188">
    <p class='ocr_par' dir='ltr' id='par_1_6' title="bbox 0 0 1666 5188">
     <span class='ocr_line' id='line_1_40' title="bbox 0 0 1666 5188; baseline 0 5"><span class='ocrx_word' id='word_1_339' title='bbox 0 0 1666 5188; x_wconf 95' lang='lat' dir='ltr'><strong> </strong></span> 
     </span>
    </p>
   </div>
  </div>
 </body>
</html>
