3322 5188
683 669 719 686 ..
743 635 838 698 31..

232 767 468 848 approbarent;
499 771 684 849 praesertim
715 786 789 832 eum
820 774 947 832 taceant
979 771 1094 851 reliqui
1122 772 1292 852 Historici3

230 883 312 924 nam
333 863 500 944 Appianas
518 865 557 929 B.
582 863 613 928 C.
634 865 663 930 2.
684 864 752 930 432.
784 867 885 928 tradit
911 869 1088 931 sententiae
1114 889 1133 931 a
1161 872 1293 934 Caesare

232 962 363 1037 dictae,
396 967 503 1043 utpote
532 963 736 1042 benigniori,
758 983 884 1026 summa
908 967 1106 1028 contentione
1135 987 1154 1028 a
1181 973 1293 1031 maiori

233 1065 326 1138 parte
345 1061 445 1122 luisse
466 1077 674 1136 consensum,
696 1061 793 1126 donec
816 1061 892 1125 Cato
914 1080 1006 1125 suam
1026 1072 1184 1150 promeret
1212 1087 1292 1128 sen·
1379 1103 1383 1114 ·

234 1157 392 1234 tentiam3
413 1156 607 1219 Ploterotoa
631 1159 665 1219 in
686 1158 772 1221 Iulio
797 1159 929 1223 Caesare
949 1161 977 1222 8.
998 1169 1107 1225 narrat
1120 1170 1189 1244 post
1211 1165 1293 1226 Cae-

234 1255 322 1314 saris
343 1255 433 1333 λόγον
452 1257 699 1332 πεφροντισμένον
718 1257 894 1320 assensisse
921 1278 985 1320 non
1009 1260 1112 1322 solum
1140 1263 1209 1340 qui¹
1223 1267 1293 1342 post

233 1351 344 1430 ipsum
367 1352 483 1413 dicturi
505 1357 620 1427 essent,
642 1354 815 1416 sedetiam
836 1358 952 1416 multos
974 1377 1014 1418 ex
1035 1359 1075 1420 iis
1090 1361 1147 1438 qui
1161 1367 1292 1420 contra-

233 1449 301 1508 riae
322 1448 449 1510 fuerant
469 1450 666 1526 senteutiae3
689 1451 722 1511 in
748 1449 860 1512 Cotorta
880 1452 1004 1513 mttere
1023 1454 1052 1518 2.
1074 1455 1158 1517 idem
1173 1462 1290 1531 narrat,

234 1544 342 1606 addito
362 1547 490 1608 nornine
511 1545 615 1607 Silani
635 1548 693 1626 qui
715 1550 904 1628 temperavit
931 1567 1023 1610 suam
1052 1551 1090 1614 de
1110 1571 1210 1632 poena
1232 1571 1291 1614 ca-

234 1641 327 1721 pitali
349 1645 549 1718 senteutiam,
571 1640 629 1724 (ut
650 1645 744 1708 refert
758 1645 935 1709 Sallustios
955 1645 985 1709 C.
1000 1646 1047 1708 50.
1053 1647 1114 1725 fia.
1127 1648 1136 1730 )
1151 1655 1182 1711 et
1197 1650 1290 1711 initio

238 1737 268 1800 C.
289 1738 337 1809 23.
358 1739 406 1802 ait
425 1741 566 1803 oratione
587 1741 731 1804 Caesaris
752 1761 906 1824 magnam
933 1746 1052 1808 factam
1080 1763 1148 1806 esse
1174 1749 1289 1806 muta-

235 1837 375 1913 tionem,
397 1843 428 1900 et
449 1855 552 1900 omues
573 1839 615 1900 ad
641 1841 754 1902 mitius
775 1843 945 1905 eonsilium
973 1843 1167 1920 inclinasse,
1191 1843 1289 1906 donee

235 1931 312 1994 Ceto
332 1939 536 2013 assurgerem
557 1941 589 1997 et
610 1938 644 1997 in
669 1936 812 1999 Cicerone
832 1938 880 2002 21.
902 1940 987 2001 nihil
1007 1941 1045 2002 do
1059 1941 1195 2002 aliorum
1210 1959 1289 2002 sen-

233 2033 346 2092 tentiis
360 2032 448 2107 dicit,
463 2033 518 2094 sed
532 2031 571 2094 de
582 2051 734 2096 conversa
747 2035 958 2115 plurimorum
971 2038 1120 2118 opinione
1132 2037 1172 2097 ad
1182 2043 1287 2116 partes

234 2127 389 2202 Caesaris,
412 2131 464 2193 cui
484 2129 609 2210 primus
632 2131 758 2194 obstitit
779 2131 914 2194 Catulus
935 2133 1103 2208 Lutatius,
1125 2138 1156 2194 et
1175 2135 1287 2194 statim

232 2232 340 2306 postea
361 2228 447 2289 Cato.
458 2229 606 2307 Aequum
627 2246 699 2289 vero
719 2234 776 2303 est,
790 2234 861 2308 post
874 2230 1014 2292 alienius
1028 2231 1162 2293 oratoris
1177 2231 1283 2305 verba,

232 2341 361 2386 narrare
380 2324 569 2386 historicum
591 2343 653 2404 quo
675 2325 732 2387 illa
752 2327 962 2406 profecerint,
989 2333 1021 2388 et
1042 2331 1087 2389 ita
1113 2329 1189 2390 feeit
1209 2327 1286 2392 Sel-

231 2419 350 2482 lustror
375 2426 445 2502 post
471 2423 569 2485 verba
597 2422 745 2500 Catonis,
777 2420 809 2486 C.
830 2422 878 2486 53.
900 2423 1016 2498 initio,
1045 2423 1127 2486 nibil
1148 2424 1187 2485 do
1209 2423 1284 2484 aliis

232 2518 400 2581 sollicitus.

311 2615 375 2678 Neo
405 2619 484 2680 satis
515 2619 634 2681 locutio
664 2609 789 2681 constat
813 2620 841 2682 si
869 2619 911 2681 ad
937 2618 1033 2682 ceteri
1056 2617 1144 2680 aerbo
1171 2617 1285 2680 adaea-

232 2712 389 2776 te'ebootar
409 2716 576 2795 intelliges
594 2711 657 2777 aaa
677 2716 774 2792 aerbo,
790 2736 819 2779 v.
834 2733 883 2794 gr.
891 2713 1007 2794 placet,
1030 2717 1200 2790 odoratior,
1219 2717 1284 2777 nisi

231 2809 329 2872 addas
354 2845 376 2858 -
400 2813 496 2874 ceteri
524 2814 619 2875 verbo
646 2813 907 2877 adsentiebantur
937 2812 1085 2888 Caesari,
1113 2816 1197 2876 alius
1225 2814 1283 2875 alii

230 2910 319 2970 varie
339 2942 362 2954 -
383 2908 416 2971 id
437 2911 524 2971 enirn
544 2911 684 2990 postulat
704 2912 881 2991 oppositum
902 2911 973 2986 otti,
989 2910 1147 2990 siquidem
1161 2916 1210 2972 est
1223 2909 1283 2970 da-

230 3006 337 3084 tirus3
358 3023 425 3079 nec,
453 3006 482 3066 si
509 3005 596 3067 certo
621 3007 743 3068 indicat
772 3010 955 3084 sententiae,
985 3007 1192 3070 omittendum
1214 3013 1282 3070 erat

233 3101 380 3164 Caesaris
401 3103 455 3166 vel
472 3103 552 3177 otoo,
575 3103 659 3183 quod
679 3105 754 3166 iecit
774 3105 876 3182 Valla,
892 3107 944 3169 vel
964 3105 1057 3166 illios
1077 3109 1114 3166 ut
1135 3105 1169 3166 in
1192 3102 1284 3166 Com-

229 3200 346 3278 melia,
367 3205 404 3264 ut
423 3207 543 3282 pateret
557 3211 676 3264 ceteros
691 3206 866 3265 sententiae
881 3202 1012 3287 (verbo)
1029 3201 1182 3278 Caesaris,
1201 3202 1282 3263 alios

229 3301 317 3362 varie
338 3300 483 3364 edatius
504 3301 695 3364 sententiam
715 3303 899 3364 accessisse.

309 3397 352 3460 Ut
363 3399 442 3462 haec
453 3405 673 3464 removeantur
683 3395 890 3475 incommoda,
903 3399 1031 3461 omnino
1045 3398 1216 3462 tenendum
1232 3402 1281 3458 est

229 3496 422 3561 Sollertiae
435 3499 521 3579 loqui
537 3497 574 3561 de
587 3499 700 3560 ceteris
715 3497 855 3580 omuibus
869 3497 1122 3561 adsentientibus
1142 3495 1279 3570 Caesari,

227 3601 352 3677 praeter
372 3615 473 3657 unum
495 3596 663 3675 Catonem3
684 3601 715 3659 et
735 3595 997 3658 adsentiebantur
1017 3595 1073 3656 alii
1096 3593 1199 3669 verbo,
1221 3593 1280 3658 alii

219 3694 473 3770 1uarie,‚scilicet
494 3694 545 3756 vel
565 3694 681 3774 pedum
702 3695 809 3770 itione,
830 3693 881 3756 vel
901 3691 1007 3754 favore
1026 3695 1139 3770 gestus
1164 3696 1279 3767 nutus,

228 3793 347 3870 gratia,
369 3807 455 3866 voce,
478 3790 615 3869 denique
634 3792 783 3854 omnibus
798 3791 909 3863 modis,
933 3789 992 3874 (cf.
1008 3789 1078 3864 Iao.
1096 3789 1142 3851 15.
1156 3791 1184 3853 2.
1196 3789 1218 3874 );
1234 3792 1280 3853 ita

228 3894 265 3950 nt
285 3889 370 3950 elios
384 3887 447 3950 olii
467 3885 624 3969 (alterum
646 3890 1010 3964 nominetiv0,elteru1n
1031 3887 1139 3949 dativo
1160 3888 1279 3966 singu-

228 3987 312 4072 lari}
335 3987 377 4047 sit
390 3984 503 4061 formo
523 3984 649 4046 dicendi
667 4004 750 4064 quae
771 3989 891 4050 indicet
911 4005 1030 4060 omnes,
1045 3989 1169 4068 praeter
1185 3985 1279 4047 Cato-

227 4105 311 4161 nem,
326 4085 476 4147 adsensus
491 4085 591 4146 fuisse
606 4085 743 4160 Caesari,
757 4086 879 4148 alterna
893 4086 1031 4166 quadam
1046 4091 1078 4148 et
1092 4087 1181 4148 varia
1196 4087 1278 4146 inter

228 4200 263 4243 so
289 4184 506 4262 contentione3
536 4199 619 4262 quae
638 4184 739 4245 forma
760 4187 897 4246 oeeurrit
917 4187 952 4247 in
979 4184 1086 4247 Plorat.
1110 4183 1232 4245 Procul
1248 4181 1276 4243 2.

228 4278 257 4340 4.
279 4279 326 4338 30.
346 4311 366 4332 ψ
386 4297 459 4342 eum
481 4283 642 4344 internos
664 4281 861 4344 sorderemns
887 4299 969 4344 auus
994 4275 1090 4346 alteri
1108 4315 1129 4328 -
1150 4277 1279 4338 Tertius

204 4411 205 4415 =
222 4375 354 4438 ‘scilicet
375 4393 468 4440 casus
490 4385 663 4461 usurpatur
683 4397 756 4442 cum
781 4379 903 4459 aliquid
920 4382 1001 4442 inter
1015 4381 1092 4440 duos
1108 4377 1157 4440 vel
1170 4375 1275 4464 plures
