3322 5188
673 563 829 630 --25-

221 719 261 764 ex
281 701 369 764 omni
392 719 479 764 nexu
499 699 584 764 nihil
611 703 814 764 manifestius
837 703 886 764 est
906 718 1002 782 quam
1032 690 1224 783 Scriptorum
1243 718 1281 766 eu

218 817 336 881 ponere
350 800 500 874 voluisse,
511 817 592 878 quaa
605 801 632 860 si
646 799 827 862 Catilinarii
843 802 998 863 vicissent
1007 801 1122 862 lutura
1135 801 1281 875 fuissent,

222 895 309 956 nude
333 901 464 976 apparet
491 894 695 958 scribendum
722 915 814 973 esse,
841 897 1151 960 uicesimarium
1173 897 1282 976 adepti

214 992 337 1068 forrat,
361 997 393 1055 et
413 991 495 1067 illic,
516 993 663 1056 liberiore
684 995 828 1056 modoad
844 995 1050 1056 Catilinarios
1064 995 1208 1072 relatum,
1222 994 1280 1073 qui

226 1091 303 1169 quin
319 1089 522 1168 intelligendi
543 1095 658 1165 essent,
681 1096 754 1152 ante
775 1092 934 1154 Catilinae
947 1091 1076 1154 nomine
1089 1092 1201 1173 posito,
1216 1106 1280 1152 non

226 1185 359 1250 dubium
378 1194 470 1249 esset.
491 1187 615 1258 Quibus
636 1203 722 1250 nunu
743 1188 832 1261 addo,
852 1189 938 1252 illud
960 1191 1066 1270 ipsum
1088 1187 1174 1269 quod
1195 1203 1276 1270 pro-

224 1301 339 1346 nomen
361 1283 494 1346 liberiue
514 1285 555 1344 ad
575 1285 793 1366 praecedentia
814 1287 949 1347 relatum
970 1291 1027 1360 eet,
1046 1285 1193 1349 librarios
1220 1284 1281 1346 ri-

223 1381 292 1442 deri
313 1382 451 1444 movisse
471 1383 582 1462 utqui
601 1383 775 1445 scriberent
795 1417 815 1430 -
835 1381 897 1445 Sed
916 1383 995 1462 quia
1015 1383 1160 1463 proximo
1180 1385 1276 1443 ante·-

222 1480 409 1542 cedentibus
424 1479 602 1542 Scllrcattue
616 1481 782 1543 manifeste
800 1481 870 1558 agit
885 1479 923 1543 de
937 1485 1087 1542 renovato
1100 1480 1277 1544 certamine

224 1579 309 1638 inter
328 1578 527 1640 nobilitatem
560 1584 590 1640 et
620 1579 763 1659 plebem,
785 1579 930 1657 sequitur
955 1583 991 1639 ut
1010 1578 1166 1652 victoria,
1198 1592 1284 1656 quae

224 1673 369 1736 alterutri
384 1677 468 1756 parti
486 1677 671 1755 contingere
685 1671 799 1755 poss'et,
814 1693 915 1754 aeque
933 1676 979 1737 sit
991 1674 1031 1737 ob
1044 1675 1151 1736 oculos
1172 1673 1287 1737 habita

225 1772 267 1832 cl.
292 1769 357 1833 Oct.
378 1771 426 1834 38.
447 1773 476 1834 3.
495 1807 517 1820 -
538 1775 665 1852 utrique
684 1774 850 1836 victoriam
870 1772 1041 1834 crudeliter
1060 1771 1248 1834 exercebant
1260 1803 1283 1820 -

224 1867 347 1931 Deinde
375 1870 530 1948 quomodo
560 1870 758 1934 Catilinariis
786 1873 1027 1949 extorqueretur
1054 1869 1226 1950 imperium
1250 1873 1283 1931 et

224 1965 368 2042 libertas,
387 1983 469 2046 quae
490 1968 552 2047 ipsi
573 1968 804 2048 oppressissent
823 1984 898 2029 onrn
920 1983 1040 2046 magna
1060 1967 1151 2029 clade
1172 1971 1204 2028 et
1224 1983 1283 2029 ca-

225 2065 372 2128 lamitate
386 2066 430 2126 rei
446 2065 593 2146 publicae
605 2064 620 2123 2
634 2063 683 2125 Ea
698 2065 852 2128 solemnia
866 2070 898 2127 et
910 2065 1042 2128 honesta
1055 2066 1185 2126 nomina
1198 2069 1284 2140 sunt,

226 2181 289 2225 non
310 2162 510 2227 concedenda
532 2151 738 2235 Catilinariie‚
753 2166 809 2223 aut
822 2168 906 2226 certe
920 2181 984 2224 non
1000 2163 1041 2224 iis
1055 2162 1141 2238 solis,
1162 2161 1282 2242 quibus

226 2260 332 2340 potios
353 2259 548 2324 conveniunt
569 2259 666 2323 verba
686 2259 913 2321 dominationis
935 2261 1152 2334 emicantior,
1175 2265 1218 2322 et¹
1239 2277 1280 2322 ex

227 2361 292 2419 toto
309 2356 466 2420 Sallustio
481 2361 618 2436 apparet.
632 2357 697 2417 Neo
712 2373 783 2418 vero
799 2355 881 2416 solis'
891 2355 1090 2418 Catilinariis
1105 2355 1282 2419 victoribus*

228 2459 438 2533 aequaturum
464 2460 532 2518 erat
561 2453 642 2516 illud
661 2453 839 2534 periculum
862 2457 898 2514 ut
917 2453 974 2532 qui
1000 2451 1073 2534 plus
1093 2457 1198 2533 posset
1218 2453 1281 2514 de-

229 2552 327 2613 fessos
358 2554 565 2632 opprimeret;
596 2551 656 2615 boc
685 2550 855 2614 accidisset
874 2549 972 2614 etiarn
994 2549 1169 2614 victoribus
1196 2551 1281 2614 allis.

230 2649 376 2712 Ceterum
397 2650 586 2711 sententiam
601 2664 801 2710 communem
816 2648 870 2709 sed
885 2663 1003 2722 veram3
1024 2665 1136 2710 rursus
1150 2652 1283 2710 exornat

227 2747 408 2810 Sallustios
428 2745 499 2821 Jop.
520 2746 569 2807 79.
588 2746 618 2807 4.
639 2779 662 2792 -
683 2746 838 2808 veritine
865 2763 941 2806 mox
962 2747 1064 2807 victos
1084 2746 1288 2826 victoresque·

229 2844 367 2905 defessos
389 2843 472 2903 alius
498 2842 736 2920 aggrederetur.
758 2875 781 2888 -

240 2985 242 2990 ·
311 2939 343 3002 0.
363 2940 412 3002 43.
435 2940 461 3001 1.
484 2959 501 2998 <r
515 2939 671 3001 Lentulus
685 2955 758 3002 cum
773 2941 887 3002 ceteris
901 2941 1141 3003 constituerant.
1156 2961 1173 3002 »
1190 2938 1282 3004 Ideni

229 3037 302 3114 lap.
325 3038 391 3100 101.
413 3038 441 3100 5.
463 3071 480 3086 ·
499 3035 645 3099 Bocchus
668 3055 741 3098 curn
755 3038 916 3118 peditibus
931 3037 1088 3099 invadunt
1101 3035 1130 3116 -';
1151 3039 1281 3102 inversa

230 3139 353 3199 ratione
381 3135 496 3197 Horat.
527 3133 594 3198 Sul.
615 3135 644 3198 2.
665 3135 692 3196 6.
714 3134 761 3196 65.
781 3167 801 3182 .
821 3134 939 3212 quibus
961 3137 1028 3216 ipse
1048 3137 1174 3215 meique
1195 3137 1285 3197 Ante·

229 3235 329 3296 larem
343 3234 504 3314 proprium
526 3249 639 3292 vercor.
653 3263 674 3277 -
692 3230 799 3309 Magis
820 3230 862 3290 ab
881 3249 943 3292 usu
964 3230 1086 3293 recedit
1108 3233 1281 3294 relativum

230 3332 389 3410 singulari
410 3335 481 3412 post
499 3337 648 3392 neutrum
667 3323 803 3409 plurale,
830 3325 896 3389 cot.
917 3328 964 3389 56.
986 3329 1016 3391 5.
1029 3361 1052 3374 -
1073 3329 1208 3390 seruitio
1228 3347 1282 3389 re-

230 3429 412 3510 pudiabat...
434 3431 525 3490 ocius
547 3445 683 3507 magnae
697 3427 805 3506 copiae
819 3427 1047 3489 concurrebant
1063 3458 1084 3473 -
1103 3426 1187 3506 quod
1200 3425 1282 3487 Pri-

230 3527 359 3589 rcr‘unos
380 3528 606 3607 interpretator
625 3526 718 3586 coice
737 3525 795 3586 rei.

311 3624 345 3686 C.
364 3624 417 3685 46.
435 3625 463 3686 2.
487 3643 504 3681 «
524 3624 566 3685 At
587 3623 681 3685 illum
703 3621 926 3704 (Ciceronem)
948 3622 1064 3700 ingena
1089 3624 1281 3700 curentque

230 3724 354 3786 laetitia
368 3722 464 3782 simul
479 3737 690 3801 occupavere3
707 3737 781 3783 nam
796 3720 975 3783 laetabatur
991 3720 1181 3797 intellegens
1194 3737 1279 3781 con-

231 3822 390 3884 iuratione
408 3818 569 3899 patefacta
588 3820 751 3881 civitatem
766 3819 917 3900 periculis
931 3823 1070 3898 ereptam
1091 3833 1174 3896 esse3
1189 3834 1281 3899 porro

231 3923 337 3980 autem
357 3918 476 3978 anxius
496 3921 563 3978 erat
585 3907 735 3978 dubitans
758 3920 791 3978 in
813 3937 963 3979 maxumo
984 3916 1101 3979 scelere
1115 3919 1214 3978 tantis
1229 3919 1282 3978 cin

232 4017 326 4078 ribus
348 4015 550 4096 deprehensis
571 4014 650 4094 quid
670 4015 752 4075 facto
772 4034 851 4096 opus
871 4020 972 4077 esset:
992 4033 1124 4096 poenam
1151 4015 1280 4076 illorum

125 4173 128 4178 .
233 4113 296 4176 sibi
316 4115 420 4188 oneri,
442 4113 666 4194 impunitatem
687 4113 731 4173 rei
753 4112 900 4192 publicae
920 4114 1101 4194 perdundae
1125 4114 1188 4174 iore
1208 4129 1281 4172 ore*
1405 4157 1412 4174 .

234 4208 353 4273 debat»
371 4211 565 4274 Consensum
586 4211 647 4272 sibi
669 4209 836 4298 vindicent
856 4229 938 4290 quae
953 4210 1007 4273 hic
1027 4213 1171 4290 disputat
1184 4209 1281 4270 Dict-

219 4303 341 4372 -ecltr'ur
365 4308 444 4376 Com.
470 4308 500 4374 6.
521 4309 549 4375 4.
569 4327 598 4390 p.
620 4308 668 4375 62.
689 4313 797 4373 contra
818 4307 993 4374 dictorum
1015 4314 1045 4374 ot
1066 4309 1143 4373 alios
1165 4305 1220 4386 qui
1244 4305 1279 4369 in
