3322 5188
700 572 834 633 ..9-

243 711 289 776 116
302 713 470 794 postquam
485 706 599 770 causer
611 707 765 787 pervenit.
778 737 798 756 -
811 711 843 768 et
862 704 891 768 4.
906 707 925 793 6
940 737 961 753 -
976 723 1008 766 eo
1029 723 1130 785 quum
1153 706 1293 770 venisset

243 827 279 873 eu
292 810 378 870 faeta
390 805 552 886 cognovit,
565 805 781 883 invitatosque
794 820 844 866 eos
857 808 916 866 ete.
932 837 955 850 -

324 905 357 966 (1.
378 903 406 966 9.
427 902 455 965 5.
477 922 495 962 «
515 903 549 964 in
567 901 650 966 bello
669 902 797 983 saepius
818 901 1018 964 uindicatum
1040 905 1089 964 eet
1110 901 1143 964 in
1164 919 1215 964 eos
1236 903 1294 980 qui

234 1004 354 1070 ¹eontra
374 1000 544 1080 imperium
565 999 600 1060 in
620 998 743 1062 hostem
762 1004 1003 1082 pugnaverant,
1023 1001 1145 1080 quique
1168 998 1294 1060 tardius

243 1099 381 1162 revocati
400 1098 519 1178 proelio
540 1101 741 1162 excesserant
755 1120 773 1160 ›>
789 1097 858 1159 Hoo
879 1098 913 1158 in
935 1097 971 1158 T.
992 1097 1113 1160 Manlio
1135 1097 1296 1177 Torquato

242 1195 443 1260 vindicatum
462 1199 521 1272 est,
535 1195 603 1276 ipso
623 1194 775 1257 referente
795 1193 951 1258 Sallustio
975 1193 1043 1258 Oui.
1063 1196 1112 1271 52,
1131 1195 1183 1270 30,
1205 1213 1296 1276 repe-

241 1294 312 1356 titis
332 1292 453 1356 eisdem
475 1292 583 1356 verbis
604 1323 627 1336 -
648 1291 732 1370 quod
753 1292 781 1354 is
801 1295 911 1356 eontra
935 1291 1157 1373 imperium-in
1171 1290 1295 1353 hostem

240 1393 445 1473 pugnaverat
466 1421 488 1436 ··
523 1388 561 1449 Τ.
591 1388 708 1450 Liuius
737 1387 767 1451 8.
798 1388 827 1450 7.
856 1390 905 1450 ait
934 1389 970 1451 T.
999 1389 1157 1453 Manlium
1187 1389 1297 1451 necari

242 1489 372 1550 iussum
392 1503 413 1548 a
434 1485 528 1548 Patre
548 1485 634 1566 qnod
655 1486 683 1548 is
704 1519 724 1532 -
743 1490 835 1550 extra
853 1486 995 1552 ordinem
1015 1489 1191 1568 pugnasset
1203 1520 1224 1533 -
1239 1484 1297 1547 Gi«

241 1601 311 1646 etro
322 1599 383 1663 pro
398 1581 491 1646 Sulla
515 1581 547 1646 0.
568 1582 616 1644 ll.
637 1581 680 1646 M.
702 1581 901 1664 Torquatum
920 1582 1033 1646 laudat
1052 1583 1092 1646 ob
1112 1583 1145 1644 id
1165 1583 1296 1644 factum.

240 1679 358 1746 Fertur
371 1681 507 1760 etudine,
518 1679 605 1762 prior
617 1678 746 1756 Manlio,
759 1679 797 1742 A.
812 1679 1021 1743 Posthumius
1035 1681 1179 1754 dictator,
1192 1679 1297 1742 tilium

241 1795 338 1844 suum
359 1793 510 1866 neeesse,
531 1776 617 1858 quod
646 1779 675 1840 ie
694 1778 860 1840 oeoauione
880 1779 959 1841 bene
978 1777 1146 1859 pugnandi
1174 1779 1297 1858 eaptus,

241 1874 374 1938 tutotuto
394 1873 579 1937 discesserit
591 1874 779 1954 praesidio,
799 1889 973 1955 quanquam
1004 1874 1125 1948 uictor,
1147 1879 1185 1936 ut
1204 1874 1300 1936 refert

183 2024 190 2038 .
241 1973 356 2036 Liuius
377 1971 497 2036 distat
511 1972 607 2050 15.1.‚
628 1973 773 2037 Valerius
792 1973 957 2036 Muoimos
977 1989 1001 2034 o.
1021 1973 1050 2035 2.
1070 1971 1298 2050 7.,111611166

244 2068 286 2132 N.
305 2066 347 2130 A.
371 2067 402 2132 0.
424 2067 471 2132 17.
491 2068 540 2130 21.
567 2069 718 2133 Romanis
746 2071 816 2152 ipsa
837 2071 973 2134 victorie
986 2088 1055 2133 ‚nou
1075 2071 1160 2132 laeta
1178 2073 1248 2132 erat
1267 2069 1299 2130 si

243 2169 337 2244 parta
362 2170 473 2230 eontra
498 2165 683 2246 imperium,
702 2165 818 2246 Jooept
844 2167 884 2229 B.
904 2167 934 2231 Ι.
955 2167 983 2228 6.
1006 2166 1153 2228 136161
1180 2168 1234 2252 καὶ
1261 2167 1299 2226 τὸ

244 2263 330 2336 mauis
351 2261 616 2340 «superoptime,
638 2263 715 2342 δίχα
734 2265 1002 2344 παραγγέλματος,
1023 2263 1192 2345 ἀδοξεῖται.
1205 2297 1226 2312 -

328 2357 363 2419 0.
386 2359 433 2422 10.
453 2359 483 2422 2.
498 2379 516 2419 «
530 2361 586 2440 qui
608 2359 731 2424 labores
750 2360 903 2440 pericula,
920 2361 1034 2424 dubias
1055 2367 1151 2440 utque
1170 2378 1298 2441 asperas

244 2474 295 2520 res
315 2455 412 2519 fuoile
430 2455 658 2531 toleraverant,
679 2458 726 2518 eis
746 2459 847 2518 otium
868 2457 1017 2533 divitiae,
1038 2458 1193 2538 optandae
1212 2459 1296 2532 eliis,

243 2554 331 2618 oneri
351 2554 565 2632 miseriaeque
584 2553 672 2616 fuere
684 2574 702 2616 »
716 2551 905 2616 Dietsota'os
928 2551 1041 2616 Coeum.
1055 2555 1133 2634 5.]1.
1153 2554 1222 2630 403,
1242 2573 1298 2635 pro

242 2649 395 2732 optandae
414 2650 563 2714 emendat
582 2649 718 2730 optando
730 2669 771 2714 ex
786 2653 883 2713 unius
899 2651 1024 2716 Codicis
1039 2651 1074 2714 P.
1087 2652 1158 2726 fide,
1180 2669 1298 2732 quam*

242 2767 343 2829 quam
362 2766 473 2812 omues
493 2749 550 2810 alii
571 2747 779 2827 dissentiuut3
800 2748 978 2812 emendatio
997 2754 1104 2812 tamen
1124 2754 1299 2830 opportuna

244 2845 381 2922 videtur,
396 2847 473 2924 quia
487 2846 565 2928 solet
580 2844 758 2908 Sallustios
778 2851 889 2909 neutro
902 2845 1055 2924 colligere
1069 2847 1200 2908 nomina
1213 2863 1301 2924 quae

243 2947 492 3024 praecesserunt,
509 2942 576 3008 Get.
590 2943 618 3006 5.
632 2943 661 3007 2.
684 2943 767 3019 617,
782 2943 830 3006 36.
850 2944 891 3020 4,
909 2943 958 3006 54.
973 2945 1091 3024 priua,
1112 2942 1184 3019 loe.
1205 2941 1253 3004 68.
1267 2945 1296 3004 5.

242 3039 369 3104 Latrat.
383 3041 411 3102 5.
425 3041 526 3112 149.-
538 3040 624 3121 quod
643 3043 761 3102 terram
775 3045 872 3120 etque
885 3041 995 3120 ignem
1011 3042 1159 3104 mortalia
1172 3042 1295 3121 sumpsi

241 3137 331 3204 Esse.
345 3171 369 3184 -
383 3137 474 3200 Idem
488 3157 523 3202 eo
536 3139 604 3202 loeo
617 3137 765 3202 emendat
777 3138 861 3202 atius
875 3158 931 3219 pro
944 3138 1034 3218 otiis,
1049 3139 1184 3201 duorum
1200 3138 1301 3201 Codi-

241 3251 317 3300 oum
337 3236 537 3312 auctoritate,
557 3237 644 3316 quie,
665 3240 702 3298 ut
720 3240 976 3315 argumentatur,
988 3269 1010 3286 -
1028 3255 1092 3299 non
1107 3238 1242 3300 Romani
1257 3238 1300 3300 ab

240 3332 376 3412 reliquis
386 3332 579 3402 ,mortalibus
601 3337 836 3414 separarentur,
855 3333 970 3398 sedete
984 3354 1111 3416 quoque
1125 3336 1223 3398 otium
1240 3339 1297 3397 et-
1328 3322 1331 3329 ’

242 3448 305 3510 que
325 3428 457 3494 divitiae
469 3431 609 3510 optanda
622 3432 725 3494 inisse
745 3431 909 3506 dieantur,
923 3432 955 3494 ti
974 3433 1055 3495 ferre
1073 3433 1289 3514 potuissent,i

242 3526 375 3591 eoliae.
395 3561 418 3574 -
441 3527 544 3592 Valde
564 3529 776 3594 dubitandum
799 3534 910 3592 estun
930 3530 1108 3595 Sallustius
1128 3512 1299 3610 scripserit

241 3624 336 3702 oliae,
349 3645 411 3707 quo
424 3625 573 3691 adverbio
588 3645 750 3708 nusquam
770 3627 849 3693 alibi
869 3633 918 3690 est
938 3647 1017 3692 usus
1032 3629 1067 3692 in
1085 3627 1150 3690 061.
1165 3632 1198 3690 61
1213 3627 1301 3704 Iup„

240 3727 273 3786 et
292 3722 428 3788 dubium
448 3729 497 3788 est
518 3723 643 3800 froom.
663 3725 709 3788 H.
731 3726 757 3788 1.
780 3725 828 3790 92.
849 3745 890 3790 ex
909 3725 977 3788 Iao.
1001 3725 1079 3802 113.;
1092 3744 1148 3806 pro
1162 3745 1197 3787 eo
1216 3726 1301 3788 dixit

240 3819 306 3884 ulio
329 3825 474 3901 tempore,
494 3820 559 3885 dat.
573 3822 621 3884 51.
643 3822 701 3898 36.,
725 3828 757 3888 61
777 3841 852 3888 oum
873 3823 976 3886 voluit
996 3823 1180 3901 siguificare
1193 3823 1293 3886 aliam

240 3936 348 3982 rerum
367 3921 582 3987 conditionem
604 3920 689 3984 dixit
709 3923 774 3986 olio
794 3922 893 3998 modo,
913 3923 1002 3988 Hert.
1017 3922 1046 3986 3.
1060 3921 1107 3983 61.
1121 3923 1170 3986 20.
1185 3922 1220 3983 Si
1237 3923 1298 3986 hoo

238 4014 310 4082 leue
328 4017 464 4096 videtur,
479 4021 586 4100 magis
608 4024 703 4100 urget
722 4021 918 4100 significatio
937 4020 1089 4096 adverbii,
1104 4021 1190 4101 quod
1205 4019 1303 4084 Scri-

239 4116 384 4196 ptoribus
404 4115 504 4182 huius
524 4118 639 4182 aetatis
660 4105 783 4198 semper
797 4121 988 4200 usurpatum
1003 4124 1052 4182 est
1064 4137 1120 4200 pro
1135 4119 1200 4181 otio
1217 4125 1299 4180 tem*

234 4227 323 4292 pore,
346 4213 393 4276 ita
413 4219 450 4279 ut
469 4233 532 4279 non
552 4218 653 4298 possit
675 4217 759 4280 fleoti
773 4217 814 4280 ad
833 4215 1044 4280 ooaditiooom
1060 4218 1127 4278 -si
1143 4218 1299 4293 ferrepo-

240 4309 379 4379 tuissent
394 4333 436 4392 νς
451 4314 524 4382 vido
543 4315 704 4384 Boeotum
725 4313 765 4386 ed
788 4313 934 4384 26166111
953 4315 1059 4393 Horo·
1082 4315 1109 4378 1.
1131 4313 1159 4376 2.
1181 4313 1208 4374 5.
1228 4312 1300 4376 Iam
