3322 5188
661 585 815 651 ...23-

213 718 375 800 qailinnm
398 718 577 782 Ciceronem
600 727 746 784 vocatum
767 739 787 784 a
809 720 951 784 Catilina
971 719 1044 785 ride
1062 720 1097 784 iu
1116 719 1261 803 Appiano

212 817 251 881 B.
276 816 308 882 C.
329 817 358 881 2.
379 817 407 880 2.
432 815 464 880 C.
485 817 553 881 228.
574 818 649 880 edit.
669 818 841 881 Amrteled.

294 915 328 977 C.
349 914 397 978 32.
419 915 445 976 1.
468 934 484 974 «
508 915 593 995 quod
607 935 710 995 neque
724 916 858 978 insidiae
872 917 996 980 consuli
1010 917 1263 998 procedebant.»

214 1011 399 1076 Dietrela'as
423 1011 537 1074 Coma.
561 1012 592 1075 C.
613 1013 641 1078 2.
656 1031 690 1093 p.
714 1014 759 1076 18.
774 1019 866 1096 putat
884 1015 939 1077 hio
952 1014 1110 1080 excidisse
1130 1015 1263 1077 verbum

217 1127 318 1189 aquo
339 1109 468 1172 dativus
489 1110 611 1174 coaeala‘
630 1111 784 1192 pendeat,
812 1117 844 1175 21
869 1113 1050 1194 suspicatur
1073 1114 1119 1174 ito
1147 1111 1264 1175 Satta-

216 1207 313 1269 ortam
333 1207 500 1287 scripsisse
518 1241 540 1258 -
559 1209 696 1272 insidiae
716 1211 839 1271 consuli
859 1211 998 1272 intentae
1010 1246 1040 1286 -,
1062 1228 1126 1290 quo
1146 1211 1264 1272 omisso

215 1310 380 1386 peccatum
403 1310 511 1367 censet
537 1309 647 1368 contra
670 1306 798 1384 regulos
826 1306 1022 1370 Latinitatis.
1043 1307 1128 1381 Quid
1150 1309 1179 1370 si
1200 1322 1264 1368 uon

214 1401 362 1464 lacunam
379 1402 412 1462 iu
427 1402 517 1464 libris
533 1401 587 1464 sed
601 1403 739 1482 ellipsin,
753 1401 794 1466 ab
807 1405 942 1466 Auctore
955 1406 1145 1483 cogitatam,
1161 1407 1265 1466 inesse

216 1497 322 1562 verbis
336 1498 543 1564 statuamus?
564 1499 673 1562 Nonne
686 1499 810 1580 ellipsis
824 1506 872 1562 est
886 1502 920 1562 iu
934 1501 1124 1577 2211112129.
1143 1501 1192 1563 55.
1205 1501 1235 1563 4.
1245 1531 1267 1548 ·-

215 1614 318 1676 neque
330 1604 400 1678 post
414 1598 549 1659 insidias
563 1595 738 1672 1292211122
752 1598 852 1660 211222
865 1599 1008 1660 exercitu
1021 1597 1164 1679 praedari
1174 1631 1195 1646 -
1205 1599 1264 1660 i.e.

217 1693 351 1755 insidias
364 1711 382 1754 a
394 1693 553 1774 Iugurtha
564 1695 664 1756 tactas
675 1693 690 1753 t
702 1694 869 1774 Duplicem
883 1696 1010 1776 ellipsin
1021 1696 1163 1758 eontinet
1179 1693 1266 1757 Caes.

216 1790 254 1853 B.
278 1791 314 1858 G.
336 1792 362 1853 1.
383 1792 432 1854 30.
454 1809 554 1872 -pro
582 1791 741 1856 veteribus
762 1791 981 1854 Helvetiorum
1003 1791 1133 1854 iniuriis
1157 1792 1265 1872 populi

216 1887 254 1950 R.
274 1921 297 1934 -
318 1887 401 1950 idern
423 1888 511 1952 dices
533 1891 566 1951 in
582 1889 687 1954 verbis
703 1924 724 1937 -
739 1890 877 1951 ostentui
892 1889 1232 1966 21211212-129.46.6.
1244 1921 1267 1936 -

216 2003 332 2068 poenas
354 1987 537 2068 imperatori
551 1991 660 2068 petent
674 2021 697 2033 -
710 1987 782 2063 129.
797 1987 844 2049 65.
858 1987 887 2050 3.
901 2021 924 2034 -
939 1988 1076 2070 impetus
1091 1988 1267 2052 inermibus

218 2084 378 2148 militibus
399 2119 419 2132 -
443 2083 529 2148 Coeo.
550 2084 589 2147 B.
615 2083 651 2148 C.
672 2084 701 2146 3.
720 2085 769 2148 29.
790 2119 812 2132 -
827 2086 1003 2148 defensores
1023 2085 1134 2167 oppido
1148 2117 1170 2132 ··
1184 2084 1269 2146 ideae

218 2179 256 2244 B.
281 2181 317 2246 C.
338 2180 367 2245 7.
389 2182 435 2244 15.
453 2216 476 2228 -
497 2186 668 2261 argeutum
688 2183 803 2245 foenori
818 2182 957 2244 *Ploat
977 2181 1153 2244 1112212113.
1168 2181 1195 2243 l.
1207 2180 1233 2242 1.
1245 2211 1268 2226 -

219 2297 259 2340 ox
279 2281 441 2342 sententia
461 2279 615 2342 ambobus
630 2313 653 2324 -
668 2278 745 2344 Sall.
767 2281 856 2341 Hiot.
876 2280 964 2355 2.]2.
986 2280 1042 2355 15.,
1057 2279 1192 2342 -hostis
1205 2297 1269 2360 po·-

219 2377 294 2458 2212
314 2377 350 2440 R.
371 2412 395 2424 -
415 2377 486 2454 129.
510 2377 650 2454 109222.
671 2377 774 2440 Μ2112
793 2378 858 2438 2112
880 2381 955 2438 sant
968 2379 1113 2457 ellipseos
1131 2394 1269 2456 genera,

220 2492 301 2554 quae
322 2476 386 2536 nisi
408 2475 621 2554 intelligitur,
642 2475 802 2538 Latinitas
824 2474 951 2537 videtur
970 2474 1167 2549 claudicare,
1188 2478 1226 2535 21
1245 2505 1269 2520 -·

220 2574 362 2636 mercede
381 2574 510 2636 2212222
531 2607 554 2620 -
573 2574 687 2636 Horat.
720 2572 788 2636 Sat.
808 2574 837 2637 2.
857 2573 886 2636 2.
908 2569 976 2634 115.
996 2605 1020 2618 -
1041 2573 1110 2634 1212
1135 2575 1269 2654 praetor,

221 2670 291 2733 iore
311 2671 457 2734 dominus
478 2677 537 2734 etc.
557 2705 585 2747 -,
608 2672 731 2734 Pereat.
753 2669 854 2733 Aadr.
876 2670 903 2731 1.
924 2669 954 2733 2.
975 2670 1015 2744 4,
1029 2669 1144 2732 Horat.
1159 2668 1226 2732 Cat.
1242 2667 1272 2730 1.

221 2768 269 2830 51.
288 2801 310 2816 -
330 2768 389 2830 1121
410 2769 527 2834 Cumas
547 2803 567 2816 -
586 2769 700 2830 Horat.
714 2768 820 2848 Epist.
836 2769 862 2830 1.
880 2767 926 2830 15.
942 2768 999 2842 11.,
1021 2765 1119 2830 Cicer.
1127 2783 1188 2846 pro
1200 2767 1277 2827 Mi·-

101 2875 103 2878 ’
221 2865 289 2926 1222
313 2863 345 2927 0.
366 2866 412 2927 10.
433 2865 502 2930 Non
516 2867 604 2930 obest
617 2866 700 2946 qnod
708 2867 874 2944 procedere
887 2866 990 2927 alieaa'
1004 2866 1047 2927 211
1060 2866 1091 2926 ei
1110 2863 1181 2925 deae
1194 2879 1272 2924 sac-

221 2961 335 3037 2221212,
351 2981 424 3026 nam
439 2964 604 3045 procedere
618 2963 673 3024 hio
684 2983 746 3025 non
759 2962 960 3042 iungendum
974 2961 1157 3038 (1211222211
1169 2979 1226 3040 per
1237 2979 1272 3024 se

222 3061 471 3141 intelligendum
492 3067 529 3125 ut
552 3059 617 3125 Cat.
642 3061 668 3123 l.
689 3060 727 3138 5,
747 3060 819 3140 129.
842 3061 888 3122 11.
908 3060 947 3136 9.,
966 3059 1015 3123 25.
1030 3058 1087 3135 10,
1103 3057 1152 3120 35.
1167 3059 1208 3134 4.,
1221 3059 1272 3120 46.

222 3157 261 3236 4.,
282 3159 330 3222 61.
352 3159 380 3221 3.
1272 3175 1275 3182 ’

304 3257 336 3319 C.
357 3255 406 3318 33.
425 3257 480 3320 fin.
504 3276 521 3318 a
542 3273 681 3337 quonam
713 3256 804 3318 modo
835 3255 976 3318 maxime
995 3255 1057 3318 ulti
1078 3255 1271 3334 sanguinem

222 3359 365 3417 nostram
385 3373 582 3435 pereamus»
599 3354 751 3432 Intelligo
770 3368 902 3432 qaenam
910 3353 1080 3432 praeceptae
1096 3351 1272 3425 21222222

223 3452 288 3513 alti
305 3454 443 3514 maniae
464 3453 814 3527 2229212222211222,
830 3452 980 3531 2212221
995 3452 1120 3530 2222111
1133 3449 1272 3522 modum,

224 3549 363 3628 ambigit
382 3568 478 3628 quem
497 3549 706 3630 amplectatur
725 3567 766 3610 ex
786 3549 908 3623 multis,
922 3554 953 3610 et
972 3565 1054 3626 quae
1071 3547 1126 3608 hio
1139 3563 1273 3627 praece-

225 3646 305 3709 dunt
328 3647 483 3712 medelam
513 3648 611 3708 malis
637 3648 759 3708 variam
783 3645 953 3722 exbibent3
974 3645 1133 3706 21212122
1154 3644 1272 3706 incerto

225 3746 392 3808 verborum
419 3745 594 3806 translucet
620 3745 791 3806 consilium
814 3741 998 3808 evertendae
1018 3741 1064 3802 rei
1085 3760 1114 3822 p.
1136 3739 1274 3803 Proinde

225 3842 431 3926 improbanda
443 3841 570 3904 lectio·
584 3841 644 3903 ulti
660 3844 937 3920 maxime-quam
956 3839 1101 3918 seqnitur
1112 3837 1274 3913 Baraoas.
1327 3907 1329 3914 ¹

306 3942 339 4023 0,
362 3940 409 4002 35.
432 3957 450 3998 ‹<
470 3939 613 4018 Epistola
635 3938 791 4001 Catilinae
810 3939 845 4012 Q.
861 3937 982 4000 Catule.
996 3959 1013 4000 »
1028 3936 1138 3998 Etiam
1153 3936 1200 3998 illi
1216 3937 1275 4015 qui

226 4041 381 4104 orationes
412 4039 446 4100 in
479 4036 632 4100 Sallustio
660 4041 782 4113 negant
816 4054 884 4098 esse
911 4035 1026 4098 iisdem
1055 4033 1160 4098 verbis
1192 4032 1275 4094 Ora-

226 4140 303 4199 toris
323 4153 506 4217 expressas,
527 4135 667 4196 letentur
686 4131 741 4194 1112
761 4151 829 4195 2222
850 4134 952 4215 ipsius
974 4132 1130 4194 Catilinae
1156 4130 1273 4219 perba3

227 4238 344 4316 quippe
357 4239 389 4298 et
403 4233 579 4298 Sollertiae
595 4231 755 4314 profitetur
765 4249 798 4294 se
808 4231 882 4294 dare
892 4233 1071 4296 litterarum
1081 4231 1274 4310 exemplum,

228 4337 260 4398 21
278 4332 353 4398 11122
373 4331 518 4398 indicant
537 4332 681 4396 animum
703 4329 801 4402 variis
823 4331 909 4396 caris
930 4330 1159 4404 sollicitum,et
1178 4324 1276 4388 211122
