3322 5188
847 593 1002 656 ..46-

398 745 469 790 esse
489 749 507 789 r>
529 727 568 789 cl.
589 727 661 804 Iup.
683 727 731 789 64.
752 726 781 790 5.
795 759 818 774 -
833 725 926 790 homo
939 729 1046 790 inanis
1062 730 1092 790 et
1106 728 1214 808 regiae
1233 729 1398 810 superbiae
1411 765 1452 808 -‚

395 826 444 888 85.
467 825 515 887 35.
535 861 554 872 -
575 825 676 888 idest
697 825 859 889 dominum
880 844 943 888 non
965 827 1185 908 imperatorem
1204 844 1340 908 agere-
1360 829 1449 892 Hier.

397 923 423 983 1.
445 923 473 984 9.
495 957 517 968 -
538 923 576 986 de
597 925 664 985 vita
684 928 779 1003 atque
799 929 889 1002 tergo
910 925 998 1003 regio
1025 943 1110 986 more
1131 925 1328 988 consulere-
1343 924 1450 988 Cicero

396 1017 567 1082 accusatus
588 1021 672 1100 quod
692 1021 727 1082 in
747 1021 916 1082 consulatu
930 1039 1048 1083 morem
1069 1023 1197 1100 regium
1217 1023 1383 1099 tenuisset,
1400 1042 1453 1086 re-

396 1118 526 1198 spondit
546 1135 566 1179 a
586 1136 622 1180 sc
641 1108 705 1180 non
726 1118 911 1180 institutum
933 1125 1069 1196 regnum
1091 1119 1147 1182 sed
1167 1139 1229 1182 non
1243 1121 1456 1201 permissum,

396 1231 461 1294 quo
480 1215 588 1292 tangit
608 1215 726 1276 malam
749 1213 906 1278 Catilinae
919 1216 1137 1292 ambitionem,
1159 1217 1274 1297 dequo
1290 1217 1368 1280 dall.
1387 1217 1453 1285 cet.

393 1311 423 1372 5.
438 1311 466 1371 6.
480 1343 500 1358 -
519 1311 595 1373 dum
617 1313 679 1374 sibi
693 1326 822 1387 reputem
836 1320 964 1393 pararet
979 1314 1063 1377 nihil
1077 1317 1170 1396 pensi
1185 1315 1323 1378 habebat
1334 1348 1368 1392 -‚
1382 1315 1455 1377 vide

399 1407 463 1470 Cic.
473 1425 535 1487 pro
558 1407 651 1470 Saite
671 1426 695 1470 c.
716 1407 745 1472 t.
766 1411 794 1471 8.
817 1409 864 1473 17.

337 1553 338 1556 ,
479 1505 511 1567 O.
533 1504 580 1568 at.
601 1507 630 1567 4.
652 1525 669 1566 <<
690 1507 843 1589 planities
857 1508 971 1570 limosa
985 1509 1180 1574 hiemalibus
1195 1511 1288 1591 equis
1303 1509 1452 1592 paludem

280 1649 284 1660 .
396 1603 542 1667 fecerat»
559 1603 674 1667 Seneca
694 1604 752 1684 ap.
781 1604 847 1665 114.
870 1604 936 1680 la,
961 1604 1018 1688 (19.
1039 1606 1080 1690 5.)
1104 1639 1125 1654 -
1150 1607 1234 1670 dixit
1258 1607 1451 1670 Sallustius:

396 1701 489 1780 aquis
510 1701 728 1764 hiemantibus
750 1735 781 1762 -.
805 1700 875 1764 Hac
894 1704 1081 1765 auctoritate
1105 1703 1292 1765 Dietsctz‘us
1316 1702 1398 1766 6666.
1422 1702 1452 1764 O.

397 1798 425 1858 5.
441 1815 474 1876 p.
497 1798 575 1873 120„
594 1797 769 1859 tiatorem
791 1816 946 1877 sequens,
973 1802 1096 1882 reponit
1116 1800 1338 1864 hiemantibus.
1363 1800 1452 1863 Hie·-

396 1911 483 1955 mure
503 1895 557 1956 hic
577 1914 640 1956 nou
653 1900 762 1977 potest
783 1895 925 1976 intelligi
948 1897 986 1960 de
1006 1900 1101 1978 aquis
1122 1915 1195 1960 oum
1221 1897 1374 1960 decidunt
1399 1917 1453 1978 per

396 1991 515 2055 imbres
536 1992 612 2054 lieet
632 1991 757 2068 effusos,
778 1995 856 2072 quia
875 1998 954 2056 tune
975 1997 1093 2058 rectius
1114 1997 1237 2058 dietum
1261 1997 1453 2076 oportebat-

397 2090 554 2152 imbribus
584 2095 642 2152 aut
670 2107 754 2170 aqua
775 2092 884 2171 pluvia
905 2112 947 2173 -3
969 2093 1083 2156 deinde
1112 2094 1273 2169 hiemare,
1295 2095 1380 2174 quod
1403 2098 1452 2156 est
1567 2125 1568 2128 ¹

396 2187 567 2273 procellam
596 2189 715 2264 facere,
756 2189 908 2252 violenter
937 2193 1080 2271 agitari,
1109 2192 1174 2254 diei
1205 2193 1309 2254 solum
1348 2197 1452 2273 potest

398 2286 437 2348 de
458 2303 553 2366 aqua-
564 2287 713 2363 collecta,
733 2291 764 2350 et
783 2290 951 2370 praecipue
972 2289 1010 2351 de
1036 2291 1139 2365 mari,
1158 2287 1273 2352 Horat.
1298 2289 1401 2353 Satis.
1422 2289 1452 2353 2.

397 2383 428 2448 2.
450 2382 496 2444 17.
515 2417 538 2430 -
558 2387 664 2445 atrum
684 2383 863 2448 Defendens
883 2387 986 2466 pisces
1007 2387 1130 2449 hiemat
1149 2404 1246 2456 mare.
1263 2420 1286 2432 -
1300 2386 1387 2449 Haec
1405 2377 1453 2447 s'i-

399 2481 567 2560 gnificatio
579 2482 646 2543 loeo
660 2486 733 2562 apta
746 2499 810 2542 non
830 2486 878 2543 est
887 2501 896 2560 3
918 2499 976 2543 nec
997 2483 1091 2559 enim,
1105 2483 1206 2558 eredo,
1221 2501 1323 2562 aquae
1345 2485 1379 2544 in
1394 2500 1453 2564 pa*

398 2577 474 2639 lude
494 2581 684 2658 temporaria
704 2577 842 2639 hiemem
860 2578 999 2653 ciebant,
1020 2579 1123 2658 neque
1143 2579 1203 2641 hoc
1223 2596 1279 2642 res
1295 2582 1453 2660 poscebat,

399 2691 474 2734 cum
495 2675 574 2734 satis
595 2676 678 2736 esset
696 2675 723 2735 sl
745 2675 963 2754 quoquomodo
977 2675 1196 2739 difficultatem
1211 2677 1271 2739 loci
1287 2683 1452 2758 augerent.

399 2771 472 2832 Alio
493 2771 584 2834 modo
603 2770 743 2834 atemere
767 2772 932 2850 significat
959 2772 1076 2836 hiemis
1104 2779 1230 2856 tempus
1257 2777 1452 2855 transigere3

399 2873 432 2931 et
450 2869 637 2950 plerumque
658 2869 698 2932 de
717 2871 860 2932 exercitu
880 2871 914 2930 in
930 2873 1058 2933 stativis
1071 2872 1217 2935 hibernis
1231 2877 1355 2951 agente,
1374 2869 1451 2934 Sul.

351 3029 353 3034 ,
399 2966 471 3042 Iup.
492 2967 540 3029 39.
560 2968 589 3044 4,
611 2969 657 3028 61.
679 2967 717 3044 2.,
739 2967 786 3028 68.
807 2967 846 3044 2.,
865 2969 979 3030 Horat.
994 2969 1099 3048 Epist.
1115 2971 1142 3031 l.
1159 2971 1206 3031 16.
1220 2969 1268 3030 71.
1283 3004 1306 3016 -·
1319 2971 1453 3048 naviget

400 3079 439 3125 ac
459 3064 572 3128 mediis
593 3065 712 3128 hiemet
731 3071 887 3129 mercator
906 3067 941 3128 in
963 3069 1100 3129 undis·
1115 3067 1185 3142 Qua
1200 3072 1325 3148 propter
1338 3073 1452 3130 teneu-

390 3161 478 3222 ,dum
500 3153 724 3226 6666666666
744 3183 808 3226 666
830 3166 1009 3246 respexisse
1027 3164 1117 3228 hunc
1136 3167 1254 3242 locum,
1272 3171 1329 3228 aut
1351 3167 1379 3227 si
1400 3184 1452 3227 re-

400 3261 514 3341 spexit,
536 3277 604 3322 esse
625 3267 820 3342 corruptum.

482 3359 514 3420 0.
536 3358 583 3420 39.
605 3359 633 3422 9.
657 3379 674 3418 ‹<
694 3377 767 3423 cum
788 3361 871 3422 Aulo
892 3362 926 3422 in
947 3362 1105 3441 colloquio
1125 3361 1221 3425 verba
1247 3363 1342 3425 lacit:
1366 3365 1451 3424 tem-

399 3458 459 3520 etsi
480 3457 584 3538 ipsum
606 3475 681 3519 cunr
700 3459 844 3520 exercitu
864 3459 948 3522 fame
968 3463 1001 3520 et
1021 3459 1102 3520 ferro
1122 3460 1269 3522 clausum
1290 3463 1385 3535 tenet,
1398 3457 1451 3520 'ta-

401 3573 474 3616 men
506 3573 539 3616 66
569 3563 739 3617 memorem
767 3552 982 3618 humanarum
1009 3574 1134 3632 rerum,
1163 3558 1191 3618 si
1212 3576 1319 3620 secum
1343 3558 1450 3620 foedus

401 3651 526 3726 faceret,
541 3653 715 3716 incolumes
729 3672 838 3716 omnes
853 3653 1040 3731 subiugum
1052 3657 1255 3720 missurum»
1267 3655 1451 3718 Dtetscha'es

402 3748 549 3810 emendat
577 3785 601 3798 -
630 3752 757 3814 tametsi
779 3753 925 3813 clausum
948 3754 1064 3814 teneret
1083 3772 1124 3832 —3
1145 3772 1262 3834 quaero
1294 3755 1358 3815 iam
1388 3771 1452 3833 quo

402 3847 566 3926 tempore?
991 3921 994 3927 Ι

481 3942 531 4004 Ad
553 3946 648 4009 uerba
663 3951 808 4009 -tamen
829 3965 863 4009 se
883 3965 1050 4012 memorem
1071 3949 1285 4012 humanarum
1306 3965 1410 4010 rerum
1430 3979 1451 3998 -

294 4037 299 4047 “
403 4039 442 4103 cf.
462 4038 533 4116 lap.
557 4041 622 4104 104.
642 4045 671 4106 2.

460 4171 462 4178 ,
483 4137 516 4199 0.
538 4138 585 4200 38.
608 4139 655 4202 10.
677 4161 694 4199 ‹<
715 4146 821 4204 tamen
842 4145 920 4224 qula
940 4145 1050 4206 mortis
1065 4147 1151 4206 metu
1167 4143 1373 4205 mutabantur
1386 4159 1450 4225 pax

403 4235 550 4299 convenit
560 4235 762 4302 »attrectatae
775 4241 1063 4303 emendat-mortis
1074 4247 1193 4302 metum
1206 4242 1421 4322 intuebantur3
1430 4277 1450 4291 -

302 4409 304 4418 y
407 4333 591 4400 derloettae
605 4336 742 4401 retinens
757 4339 970 4418 mutabantur,
986 4339 1144 4418 intelligit
1154 4375 1172 4388 -
1183 4341 1260 4423 quio
1275 4339 1333 4405 hoc
1348 4343 1448 4420 modo,
