3322 5188
670 609 824 674 ..21-

226 745 312 810 dicet
332 776 355 792 ·-
376 745 513 826 repertos
533 760 601 806 esse
620 740 698 805 deor
718 743 836 824 equites
855 744 912 824 qui
927 761 961 808 se
976 762 1009 807 se
1027 745 1082 808 iila
1097 745 1165 829 ipsa
1180 750 1271 810 nocte

226 849 300 906 unte
319 843 424 905 lucem
445 862 496 904 me
516 843 549 903 in
571 861 639 904 meo
653 842 768 906 lectulo
783 843 1001 906 interfecturos
1015 844 1239 926 pollicerentur
1251 877 1273 891 -

227 947 259 1004 et
273 958 333 1020 pro
354 939 446 1002 Scito
469 939 500 1002 θ.
523 937 569 1001 18.
593 940 626 1000 θ.
652 939 833 1003 cornelium
859 941 962 1003 solum
988 942 1149 1016 nominet,
1176 959 1273 1021 quem

229 1038 408 1100 immissum
428 1037 565 1099 affirmat
585 1037 625 1100 ub
644 1037 799 1100 Autronio
812 1041 849 1100 ut
863 1055 897 1101 se
910 1039 1081 1102 trucideret
1094 1039 1129 1101 in
1142 1037 1273 1103 sedibus

226 1136 304 1212 soie,
325 1136 359 1196 in
379 1140 549 1216 conspectu
570 1136 738 1198 uxorisne
759 1135 938 1212 liberorum,
963 1133 994 1198 θ.
1009 1137 1037 1197 6.

304 1231 489 1295 Dietrcticr
514 1231 594 1295 Com.
620 1231 653 1296 θ.
673 1233 702 1294 2.
717 1250 751 1313 p.
774 1233 821 1296 18.
842 1251 916 1296 cum
930 1239 1019 1315 putet
1032 1234 1130 1296 nimis
1143 1231 1273 1296 stolidos

227 1331 328 1394 inisse
347 1349 399 1394 ecs
419 1332 504 1392 viros
530 1332 558 1392 ei
578 1329 741 1395 crederent
761 1349 904 1412 esposse
924 1332 1148 1394 salutationem
1168 1331 1274 1392 simu-

226 1430 294 1491 lere
314 1443 389 1490 cnm
409 1430 543 1492 armatis
564 1429 768 1504 introcuntes,
782 1429 963 1508 suspicetur
975 1432 1044 1508 post
1057 1427 1273 1491 verbo-cum

226 1527 363 1588 armatis
382 1525 566 1590 hominibus
585 1559 606 1574 -·
625 1526 781 1588 excidisse
801 1527 835 1586 in
849 1525 940 1588 libris
953 1526 1050 1588 verba
1062 1525 1275 1605 quibusnam

227 1628 351 1685 raretur
363 1621 402 1684 cd
415 1641 510 1702 quem
523 1641 616 1686 usum
630 1624 679 1684 illi
693 1623 860 1685 hominum
873 1627 1067 1686 armatorum
1081 1623 1273 1686 comitatum

230 1719 387 1782 ducerent.
407 1721 451 1781 Et
473 1719 577 1782 Cicero
598 1719 727 1800 quidem
749 1721 783 1781 in
804 1721 870 1782 illis
890 1721 967 1782 locis
988 1719 1274 1786 huiuscomitctus

228 1837 291 1880 non
312 1819 476 1895 meminit3
496 1835 554 1879 nec
575 1819 720 1880 meminit
739 1816 932 1879 Plutarchus
946 1818 980 1878 in
998 1817 1060 1880 cic.
1078 1815 1272 1891 θ.16.,οιιιιι

229 1919 336 1977 tamen
367 1915 453 1976 dicat
479 1915 650 1978 Catilinam
678 1916 832 1992 iussisse,
859 1915 1015 1977 Marcium
1043 1920 1074 1978 et
1098 1913 1276 1994 Cethegum

229 2017 366 2075 armatos
388 2011 508 2092 gladiis
528 2013 569 2073 ad
591 2012 771 2076 Ciceronem
792 2014 922 2075 introire
941 2013 1033 2093 qnasi
1055 2013 1230 2075 salutatum
1244 2013 1277 2072 ct

228 2129 302 2174 eum
323 2110 506 2172 interficere.
525 2109 691 2187 Appianis
713 2109 733 2171 l.
754 2126 778 2172 c.
801 2115 912 2172 namet
937 2112 1147 2172 constitutum
1174 2108 1276 2169 luisse

228 2212 265 2269 ut
281 2205 437 2270 Lentulus
458 2211 489 2268 et
510 2204 680 2284 Cethegus,
699 2223 774 2268 cnm
794 2209 872 2269 sicis
892 2207 1079 2283 latentibus,
1100 2205 1276 2268 insiderent

230 2305 362 2366 ianuam
384 2303 563 2377 (liemcule,
590 2311 621 2364 et
641 2303 732 2364 illum
753 2305 858 2366 dolose
877 2305 1084 2366 confoderent.
1104 2302 1204 2366 creon
1223 2305 1277 2364 tu-

230 2421 304 2464 men
325 2402 422 2466 libros
443 2405 526 2464 recte
539 2419 573 2463 se
591 2401 715 2476 habere,
736 2406 768 2463 et
787 2400 893 2464 verbis
914 2403 1017 2464 inesse
1037 2419 1099 2462 non
1114 2401 1277 2472 lacunam,

230 2500 287 2562 sed
300 2499 430 2582 ellipsin
444 2499 664 2564 huiuscemodi
681 2533 702 2546 -
717 2500 908 2562 constituero
927 2516 1001 2561 cum
1021 2499 1153 2560 armatis
1168 2497 1278 2559 bomi-

231 2599 327 2661 nibus
348 2599 498 2678 prodire,
520 2598 635 2678 etipse·
654 2598 751 2660 sicuti
772 2597 947 2660 salutatum
966 2596 1102 2668 introire
1122 2595 1163 2657 nd
1184 2594 1279 2656 (iice-

231 2714 340 2759 ronem
361 2702 419 2759 etc.
439 2730 460 2742 -
479 2694 647 2758 Habebunt
665 2695 777 2775 utique
797 2698 943 2770 armatos,
957 2681 1018 2757 non
1033 2693 1090 2774 qui
1112 2692 1279 2754 introirent

231 2797 263 2864 et
284 2793 467 2867 salutarent,
490 2779 545 2854 sed
564 2793 630 2872 qui,
652 2792 781 2854 fortasse
795 2792 828 2853 in
843 2793 987 2872 proximo
1001 2791 1155 2865 collocuti,
1169 2793 1279 2852 contra

232 2907 342 2950 omnes
362 2895 493 2952 eventus
514 2891 712 2952 munimento
730 2891 841 2952 forent.
857 2889 925 2963 Quo
937 2889 1017 2969 quid
1030 2889 1137 2970 magis
1150 2892 1182 2952 et
1194 2891 1279 2950 tcm-

231 2987 360 3067 poribus
380 2991 411 3048 et
432 2987 476 3050 rei
497 2986 769 3049 consentaneum?
791 2987 837 3048 Of.
861 2987 927 3050 Oct.
949 2985 998 3050 27.
1019 2987 1048 3050 2.

312 3083 345 3145 θ.
365 3083 414 3147 28.
434 3084 463 3144 4
486 3104 502 3143 «
523 3083 692 3146 nonnullos
706 3103 746 3146 ex
761 3083 904 3148 Sullanis
923 3081 1044 3147 colonis
1058 3106 1076 3146 r>
1090 3081 1276 3146 Dictcctter

236 3180 317 3245 Com.
342 3181 373 3244 θ.
394 3182 423 3243 5.
439 3199 473 3262 p.
495 3180 561 3242 106.
582 3181 729 3244 emendat
748 3182 887 3257 coloniis,
910 3201 974 3244 non
995 3183 1065 3244 sine
1091 3182 1280 3244 auctoritate

232 3281 397 3355 codicum,
417 3286 449 3342 et
474 3298 515 3340 ex
540 3281 660 3342 ratione
679 3281 813 3359 linguae
831 3281 960 3355 latinns,
979 3279 1116 3342 adducto
1135 3279 1280 3359 exemplo

232 3377 385 3442 Satimtit
405 3377 472 3440 Oet.
492 3376 540 3438 49.
560 3377 599 3452 4.,
619 3376 668 3438 58.
690 3375 746 3452 13.,
768 3374 815 3438 lt.
828 3377 857 3438 4.
874 3376 1031 3440 Catilinae
1044 3393 1117 3440 vero
1131 3373 1281 3438 favebant

232 3479 302 3537 tum
324 3477 347 3536 ii
368 3469 495 3555 quibos,
515 3476 651 3538 victorio
671 3473 816 3546 Sullane,
838 3473 920 3537 bona
939 3480 1045 3556 erepte
1059 3475 1194 3547 fuerunt,
1212 3471 1279 3534 Cat.

232 3572 287 3636 hic
307 3577 338 3636 et
362 3572 392 3635 θ.
414 3571 471 3647 tt,
491 3577 561 3634 tum
582 3573 725 3635 homines
739 3591 778 3634 ex
792 3572 833 3634 iis
854 3573 986 3634 coloniis
1000 3589 1081 3651 quas
1096 3569 1187 3632 Sulla
1201 3586 1282 3630 con-

232 3673 388 3745 stituerat,
402 3671 518 3750 quibus
532 3670 641 3732 lubido
654 3675 749 3752 atque
763 3669 893 3732 luxuria
911 3669 995 3732 nihil
1016 3667 1131 3748 reliqui
1152 3669 1280 3742 iecerat,

233 3768 410 3832 Sallustius
430 3766 485 3828 toc
505 3766 607 3828 codem
631 3766 713 3847 Cap,
735 3772 768 3830 et
787 3767 903 3830 diserte
920 3765 1024 3829 cicero
1042 3765 1134 3829 catii.
1144 3767 1173 3828 2.
1191 3765 1223 3829 θ.
1237 3765 1284 3844 9„-

233 3867 280 3928 ita
299 3872 335 3928 ut
358 3867 391 3926 in
419 3864 504 3927 idem
527 3866 698 3926 consilium
729 3871 760 3928 ct
784 3866 910 3946 spoliati
934 3868 966 3925 et
993 3864 1175 3945 spoliatores
1202 3865 1282 3926 mire

231 3966 447 4028 consentirent
461 3963 501 4026 ob
514 3962 655 4025 camdem
669 3979 798 4024 causam
809 3963 891 4026 aeris
902 3963 1009 4040 alieni3
1021 3962 1169 4026 favebant
1182 3963 1281 4024 etiem

232 4064 328 4125 multi
350 4079 501 4125 memores
523 4061 674 4123 victoriae
694 4057 846 4148 Sullanae
865 4077 945 4141 quos
965 4059 1100 4142 praedae
1113 4078 1185 4143 sper
1200 4061 1282 4124 bor-

233 4160 370 4238 tabator,
396 4157 462 4223 Oui.
482 4157 606 4236 21.Jtc.

314 4258 347 4318 θ.
367 4257 416 4322 29.
439 4257 466 4319 1.
488 4277 505 4316 <<
527 4276 593 4320 rem
620 4255 661 4318 acl
687 4254 840 4318 Senatum
861 4256 954 4320 refert
975 4257 1040 4320 iam
1067 4260 1162 4320 anteo
1187 4251 1282 4332 vulgi

235 4355 414 4424 rumoribus
445 4357 641 4439 exagitatam
663 4377 679 4420 r
702 4353 751 4420 Ita
772 4371 879 4420 omncs
903 4353 1027 4421 codices
1057 4359 1088 4421 et
1118 4354 1168 4416 ito
1198 4356 1282 4415 recte
