3322 5188
695 647 849 708 -35-
973 700 975 704 .

217 828 221 836 .
241 787 296 845 tur
315 781 502 845 Dietrolrirrr
524 784 556 842 iu
578 800 635 844 sex
650 781 819 844 Codiuibus
833 784 942 844 iurato
956 785 1121 864 perspicue
1141 788 1296 866 seriptum

242 881 318 959 legi,
340 881 374 940 in
396 879 528 960 reliquis
549 880 606 940 rix
627 879 762 942 discerni
786 899 876 961 posse
891 886 998 942 utrum
1013 882 1119 943 uirtute
1133 901 1173 942 an
1188 884 1297 944 iureetu

243 980 382 1043 habeant
402 1002 420 1041 r>
443 979 629 1042 Similitudo
649 979 807 1059 quaedam
829 981 862 1042 in
883 980 1001 1043 litteris
1014 986 1046 1043 et
1066 983 1100 1041 in
1122 983 1296 1060 significe-

244 1079 329 1140 tiene
349 1078 438 1141 verbi
460 1077 566 1140 effecit
586 1083 622 1138 ut
643 1077 802 1140 interdum
823 1079 1001 1158 promiscue
1014 1079 1250 1154 adhiberentur,
1265 1085 1298 1142 et

249 1174 392 1239 Gerluet.
419 1175 493 1236 edit
519 1171 667 1235 Buss'leue
693 1193 722 1236 5.
752 1174 838 1237 1827.
866 1179 972 1238 tenuit
990 1178 1105 1239 uirtute.
1129 1177 1238 1238 Etiam
1261 1178 1296 1238 iu

238 1271 380 1333 Horatio
399 1271 439 1333 A.
459 1271 497 1334 P.
517 1265 737 1335 202.'Codioes
758 1275 885 1334 varient
900 1275 934 1334 iu
952 1275 1061 1337 555555
1081 1279 1113 1336 55
1132 1275 1247 1350 eruere,
1263 1281 1296 1336 et

241 1367 433 1450 interpretes
452 1389 507 1450 pro
528 1389 593 1431 555
613 1376 669 1432 555
684 1372 786 1432 altere
807 1371 940 1433 lectione
960 1377 1056 1434 stent.

323 1466 357 1527 C.
378 1467 430 1528 55.
449 1468 477 1529 5.
500 1468 672 1530 «Lentulo
695 1468 813 1548 quibus
840 1475 1043 1548 praeseptum
1070 1475 1157 1546 erat,
1184 1471 1298 1550 laqueo

241 1564 355 1643 gulam
376 1565 568 1643 fregere...
588 1565 636 1628 De
658 1565 797 1645 Cethego
818 1565 947 1628 Statilio
980 1567 1118 1630 Gabinio
1147 1569 1299 1648 Caepario

244 1661 351 1725 eodem
380 1662 470 1723 modo
496 1664 691 1744 supplicium
717 1675 859 1725 sumtum
888 1667 937 1726 est
964 1663 1111 1726 »Cicero
1140 1683 1213 1726 vero
1235 1681 1298 1744 pro

241 1756 338 1820 norro
362 1757 393 1820 C.
416 1758 462 1820 10.
484 1791 506 1805 —
527 1762 606 1822 meis
627 1761 780 1833 consiliis,
803 1763 881 1824 mois
904 1761 1074 1838 laboribus,
1096 1762 1158 1824 mei
1180 1763 1297 1843 eapitis

242 1856 403 1936 periculis,
422 1857 491 1917 5555
512 1858 665 1932 tumultu,
679 1859 750 1920 sine
765 1859 896 1933 delectu,
912 1862 982 1922 sine
996 1862 1104 1936 ermis,
1120 1862 1189 1922 5555
1203 1879 1298 1922 exer·

244 1954 321 2025 citu,
341 1954 477 2034 quinque
497 1953 674 2016 bominibus
694 1955 946 2036 comprehensis,
968 1963 1066 2036 etque
1086 1957 1258 2034 confossis.
1271 2002 1299 2018 ..

244 2051 377 2112 interitu
408 2069 473 2112 rem
504 2068 533 2130 p.
554 2050 687 2112 liberavi
709 2085 731 2096 -
753 2052 808 2114 ubi
834 2051 925 2116 Cret.
948 2073 1004 2135 pro
1031 2055 1188 2131 confossis
1216 2055 1300 2134 legit

244 2148 409 2224 consessio.
901 2208 903 2214 .

286 2269 288 2274 ¹
326 2245 359 2307 C.
379 2245 428 2308 57.
451 2245 477 2307 1.
500 2264 517 2304 ‹<
538 2245 676 2326 reliquos
698 2244 838 2307 Catilina
858 2266 914 2326 per
933 2253 1054 2312 montes
1075 2267 1200 2330 asperos
1220 2263 1297 2311 555-

244 2343 318 2420 prtr's
338 2341 507 2406 itineribus
528 2344 561 2404 in
582 2361 697 2422 agrum
719 2342 946 2406 Pistoriensem
973 2347 1103 2408 abducit
1123 2370 1140 2408 »
1167 2347 1296 2422 Muprtie

246 2440 425 2514 itineribus,
449 2460 511 2503 vox
530 2440 691 2515 militaris,
712 2457 794 2520 5555
809 2439 891 2502 rodit
903 2440 974 2517 Iup.
989 2441 1037 2506 37.
1052 2441 1090 2517 3,
1104 2442 1152 2504 56.
1165 2441 1204 2520 23
1219 2445 1298 2504 item

240 2538 532 2621 555555555155.
552 2538 600 2600 98.
621 2539 650 2600 4.
673 2539 719 2602 Cf.
749 2538 909 2614 Verritum
931 2540 959 2602 l.
980 2539 1007 2601 9.

254 2637 256 2642 '
327 2635 359 2698 C.
379 2635 427 2698 57.
447 2636 477 2698 2.
496 2656 515 2694 «
528 2655 568 2697 ex
584 2636 772 2698 difficultate
785 2655 890 2698 rerum
907 2637 1010 2700 rudere
1024 2637 1084 2700 illu
1098 2638 1298 2714 existimans,

248 2751 332 2814 quae
353 2732 621 2812 supradiximus,
644 2733 818 2796 Catilinam
839 2737 963 2814 agitare
984 2757 1001 2799 r
1025 2737 1070 2798 Cf.
1095 2735 1161 2798 Cot.
1181 2734 1229 2796 31.
1248 2736 1278 2796 4.

327 2831 361 2892 C.
382 2828 430 2891 57..
450 2828 479 2890 4.
493 2848 519 2910 Ι5
540 2848 642 2908 55555
668 2836 775 2892 temen
801 2833 958 2894 Antonius
979 2834 1088 2912 procul
1115 2834 1222 2896 aberat
1243 2837 1299 2894 ut-

246 2933 317 3012 pote
327 2919 383 3008 qui
395 2945 513 3007 magno
526 2931 668 2994 exercitu
681 2928 760 2990 loeis
773 2931 976 3008 aequioribus
991 2931 1153 3011 expeditos
1168 2932 1202 2990 in
1218 2931 1299 3009 luga

242 3031 433 3106 sequeretur
453 3048 470 3089 ›>
492 3025 579 3087 Haeo
599 3030 647 3087 est
673 3025 884 3106 plurimorum
913 3033 1009 3106 atque
1035 3028 1226 3106 optimorum
1249 3029 1299 3090 li-

248 3124 375 3188 brorum
387 3125 488 3199 155555,
500 3141 582 3202 5555
595 3123 800 3184 confirmatur
814 3125 911 3184 etiam
921 3123 1086 3186 Prisciani
1100 3125 1298 3188 auctoritate.

251 3221 378 3284 Curtius
407 3227 514 3282 tamen
545 3221 683 3281 coniecit
706 3219 912 3300 -expeditus
939 3255 978 3297 -,
995 3239 1144 3302 ¹eumque
1168 3228 1300 3284 secutus

247 3324 297 3382 est
326 3318 512 3384 Ceriuotiur
538 3317 612 3379 edit.
635 3317 792 3391 Basileue,
816 3319 1048 3399 interpungere
1067 3353 1088 3368 -
1109 3326 1216 3400 utpote
1240 3320 1298 3400 qui

248 3435 367 3498 magno
387 3418 539 3493 exercitu,
558 3416 636 3478 loeis
657 3415 860 3494 aequioribus
881 3417 1065 3497 expeditus,
1086 3419 1122 3478 in
1143 3419 1224 3496 fuge
1245 3419 1300 3479 55-

249 3521 408 3594 queretur,
429 3513 483 3576 sed
504 3514 537 3574 in
558 3513 632 3580 edit.
652 3513 729 3588 urire.
748 3509 881 3592 Lipsiae
901 3513 1299 3592 u.1856.restituiteepe-

245 3613 333 3675 ditor
352 3612 389 3672 iu
406 3609 503 3685 supa.
524 3611 634 3688 Aliqui
656 3611 785 3672 Codiees
816 3609 935 3672 habent
965 3612 1061 3672 etiam
1082 3609 1241 3690 impeditor
1261 3613 1298 3672 iu

241 3711 370 3787 furum,
392 3707 477 3788 quod
501 3707 686 3770 Ceriuuiriue
701 3710 735 3770 in
750 3708 864 3770 Corum.
880 3709 1019 3771 affirmet
1032 3710 1132 3772 latine
1146 3729 1207 3771 non
1223 3710 1297 3772 diei.

248 3806 434 3870 Dietretirer
455 3825 495 3867 ex
515 3806 695 3867 coniectura
719 3809 848 3889 scripsit
865 3841 886 3855 -
905 3825 1023 3888 magno
1051 3810 1191 3871 exercitu
1220 3809 1297 3870 louis

249 3903 452 3986 aequioribus
474 3903 638 3983 expeditus
661 3904 827 3984 impeditos
842 3907 876 3967 in
895 3906 975 3985 fuga
989 3912 1172 3985 sequeretur
1187 3925 1195 3984 3
1213 3925 1297 3980 uam,

249 4007 297 4066 555
318 4005 351 4065 55
383 4001 494 4065 Corum.
519 3998 550 4063 0.
566 4017 599 4078 p.
622 3989 687 4075 re,
710 4002 737 4064 si
759 4003 918 4081 inpeditos
946 4003 1081 4080 iusuper
1105 4006 1297 4076 retineatur,

250 4102 398 4164 miraculi
421 4101 522 4161 instar
543 4117 611 4160 esse
631 4099 659 4160 si
683 4117 745 4159 555
766 4103 875 4179 procul
896 4101 979 4168 absit
1000 4104 1055 4182 qui
1072 4121 1189 4182 magno
1203 4119 1298 4164 exer-

252 4200 319 4258 5555
338 4199 486 4276 quemvis
507 4197 584 4259 loeis
605 4196 808 4276 aequioribus
836 4199 999 4279 expeditos
1021 4202 1055 4262 in
1076 4201 1155 4280 fuga
1182 4217 1298 4277 seque-

253 4307 346 4354 retur.
366 4327 387 4342 -·
405 4295 494 4356 Idem
516 4295 549 4356 in
566 4294 672 4374 prees.
693 4294 734 4356 od
754 4294 830 4356 edit.
844 4297 920 4360 urie.
933 4297 1064 4377 lipsiae
1077 4315 1106 4359 u.
1124 4295 1209 4358 1874.
1223 4313 1298 4376 pro-

253 4391 339 4452 xime
366 4390 540 4456 adrerum
569 4392 742 4460 adcessisse
768 4392 846 4456 dicit
873 4393 929 4456 Fr.
950 4393 1084 4460 11555551.
1112 4394 1168 4475 555
1200 4393 1296 4457 scribi
