3322 5188
671 553 825 616 ...41-

222 685 418 759 Numidiam,
442 683 520 748 haec
540 685 644 750 tribus
665 689 759 748 annis
779 691 856 748 ante
876 690 1008 748 mortem
1030 685 1191 767 Micipsae.
1212 683 1275 749 Dia⁴

221 785 425 846 stinctienem
446 783 626 865 comprobat
642 786 708 865 ipsc
724 784 902 847 Sallustius
923 783 1027 848 verbis
1042 817 1061 830 -
1075 785 1275 863 adoptatioue

221 884 258 944 iu
277 895 407 957 aequum
428 883 618 962 pervenisse,
637 916 658 931 -
671 883 725 946 ubi
747 885 783 944 iu
802 897 932 958 rupuuu
954 884 1090 963 pertinet
1104 883 1164 943 ἀπὸ
1178 879 1276 942 κοινοῦ

222 984 255 1041 et
274 978 317 1040 ad
337 977 532 1058 uuopuuuouc
560 986 591 1042 et
610 981 651 1042 ad
674 982 863 1060 percurrisse.
886 981 965 1052 Quis
987 979 1025 1041 de
1053 980 1112 1042 hoc
1132 980 1275 1055 dubitet,

223 1093 296 1138 cum
319 1081 426 1156 postea
446 1077 566 1139 Auctor
589 1077 620 1142 O.
641 1078 689 1141 22.
710 1078 740 1141 2.
760 1097 816 1159 per
836 1078 944 1140 eadem
966 1078 1029 1140 fere
1043 1077 1138 1139 verba
1156 1077 1276 1138 dicat-

223 1174 261 1236 ob
281 1174 409 1236 easdem
429 1182 511 1237 artes
533 1175 725 1255 Iugurtham
747 1193 767 1236 a
788 1176 941 1255 Micipsa,
963 1193 1025 1237 non
1040 1176 1173 1257 penuria
1187 1175 1275 1238 libc-

223 1288 351 1347 rorum,
371 1273 407 1333 tu
420 1285 549 1348 repuuu
563 1272 744 1351 adoptatum
759 1280 847 1334 aare?

302 1367 340 1429 In
360 1379 489 1444 raucum
504 1371 686 1449 paroeuissc
707 1387 904 1449 quamquam
925 1370 979 1432 hic
1000 1390 1063 1432 non
1090 1371 1198 1435 valeat
1215 1387 1274 1434 re-

219 1464 426 1540 ucmsuotuuu
441 1483 517 1540 esec,
532 1471 639 1530 tamen
662 1467 783 1529 indicat
804 1468 927 1545 aliquid
941 1469 1081 1548 amplius
1095 1487 1194 1547 qnam
1207 1487 1276 1530 csse

222 1563 258 1623 in
273 1569 373 1642 spect
393 1563 572 1626 conditione
592 1565 685 1642 regni
700 1566 777 1628 oiim
791 1565 950 1644 potiundi;
965 1566 1031 1626 vim
1046 1565 1133 1627 verbi
1150 1567 1276 1646 perspi-

222 1661 290 1722 cies
305 1661 338 1722 iu
359 1661 432 1737 Iup.
444 1661 473 1723 4.
487 1661 525 1738 4.,
541 1662 607 1724 107.
621 1663 660 1738 7.,
677 1662 745 1725 Cot.
758 1662 806 1723 51.
820 1661 878 1740 27.;
890 1664 1050 1724 Horatius
1064 1663 1169 1742 Epist.
1184 1663 1211 1723 1.
1229 1661 1275 1724 17.

222 1757 270 1818 37.
292 1792 315 1803 -
336 1758 428 1821 Sedit
448 1762 504 1839 qui
525 1763 635 1824 timuit
655 1781 695 1823 ue
715 1781 778 1822 non
799 1761 992 1824 succederet.
1004 1761 1091 1824 Esto.
1109 1761 1205 1836 Quid,
1218 1762 1276 1840 qui

218 1856 373 1934 pcrocuu't,
390 1856 504 1918 fecitne
519 1857 674 1920 viriliter?
689 1893 709 1905 -
722 1859 829 1937 Igitur
842 1877 916 1920 enm
937 1858 1098 1939 adoptatio
1118 1866 1150 1920 ct
1169 1864 1277 1920 testa-

225 1956 369 2014 mentum
390 1973 452 2016 non
472 1953 584 2016 darent
604 1956 667 2016 uisi
690 1974 776 2036 spem
798 1961 929 2018 eventus
950 1957 1061 2032 futuri,
1081 1975 1209 2018 neeesse
1228 1960 1278 2018 est

226 2050 321 2114 rerba
345 2053 392 2111 ita
418 2052 560 2132 accipere
587 2057 623 2114 ut
646 2053 770 2131 aliquid
792 2053 882 2114 aliud
909 2055 1081 2116 accessisse
1101 2059 1276 2116 censeatur.

226 2149 268 2210 Et
287 2149 418 2212 obvium
438 2154 486 2211 est
505 2150 648 2228 cogitare
669 2149 870 2228 Iugurtham,
892 2153 949 2230 qui
965 2154 1029 2213 iam
1049 2157 1153 2214 autea:
1174 2152 1275 2212 iactus

226 2251 293 2308 erat
313 2263 463 2327 parcum
485 2247 613 2321 liberis,
638 2245 669 2308 0.
691 2246 719 2307 9.
740 2247 778 2320 3.,
801 2247 848 2307 14.
868 2247 915 2321 9.,
946 2249 1026 2326 quin
1057 2250 1216 2328 sapientia
1243 2253 1277 2310 et

225 2349 326 2408 aetate
345 2363 397 2406 sos
418 2343 631 2418 antecedebat,
655 2342 686 2405 0.
708 2344 754 2406 10.
775 2341 814 2416 7,
830 2361 903 2404 cum
918 2351 1027 2406 contra
1042 2344 1180 2425 Micipsa
1195 2349 1278 2407 esset

225 2443 333 2504 morbo
354 2442 525 2515 confectus,
546 2447 578 2502 et
597 2458 711 2520 parum
731 2441 840 2503 animo
860 2443 989 2518 valeret,
1010 2461 1065 2523 por
1081 2445 1272 2522 quinquen-

225 2539 316 2600 nium
336 2544 411 2600 antc
433 2543 573 2614 mortem,
598 2537 629 2600 O.
649 2539 678 2599 9.
698 2538 738 2614 4.,
760 2538 848 2614 11.,2.
870 2544 901 2601 et
914 2540 953 2615 5.,
967 2541 1067 2602 fuisse
1081 2541 1114 2600 in
1130 2543 1278 2620 aliquam

225 2641 347 2716 partem
369 2637 461 2714 regni
482 2635 728 2696 administrandi
749 2641 950 2717 assumptum
972 2638 1095 2700 decreto
1115 2640 1223 2718 aliquo
1244 2645 1280 2699 et

224 2735 351 2814 publico
372 2734 516 2794 consulto
537 2732 699 2812 Micipsae,
725 2731 756 2795 0.
779 2734 825 2808 11,
845 2734 883 2809 5.,
901 2735 985 2813 quod
1005 2740 1055 2796 est
1074 2736 1215 2815 adoptari
1239 2737 1274 2808 in

226 2849 383 2911 regnum
404 2849 506 2908 neque
527 2830 708 2890 mirandum
723 2830 751 2892 si
766 2831 909 2910 Micipsa,
922 2833 979 2910 qni
995 2830 1188 2909 Iugurtham
1202 2833 1276 2893 vir-

228 2933 296 2990 tute
322 2935 353 2992 ct
373 2929 481 3007 gratia
500 2933 731 3006 praestantem,
753 2928 915 2990 beneficiis
937 2931 1065 2991 vincere
1092 2929 1216 2992 volebat
1240 2930 1273 2992 0.

225 3025 255 3088 9.
274 3027 324 3102 3.,
344 3025 507 3090 beneficiis
534 3025 607 3085 aliis
627 3024 687 3084 hoc
707 3025 813 3100 etiarn,
833 3027 948 3088 vivens
975 3027 1091 3101 adhuc,
1118 3027 1272 3088 adiecerit

224 3124 482 3204 participationis
504 3122 615 3200 regui;
636 3122 719 3200 quod
740 3123 864 3202 ipsum,
885 3130 1008 3203 praeter
1027 3124 1106 3199 alia,
1129 3124 1275 3186 indicant

226 3223 360 3284 fortasse
379 3221 476 3282 verba
499 3218 530 3281 C.
552 3220 599 3282 14.
619 3218 648 3280 9.
670 3253 692 3264 -
713 3239 808 3298 quem
827 3228 864 3281 tu
884 3239 993 3300 parem
1008 3239 1081 3283 eum
1098 3223 1208 3285 liberis
1222 3239 1278 3282 ro-

222 3321 338 3398 puu‘que
352 3319 543 3398 participem
550 3318 673 3394 fecisti
686 3337 718 3395 -3
732 3325 816 3380 certe
836 3338 899 3380 non
912 3320 1068 3382 abnuunt.
1082 3321 1191 3382 Nonne
1207 3337 1279 3379 vero

225 3421 297 3476 tota
316 3418 416 3477 oratio
435 3415 597 3496 Micipsae,
621 3415 653 3478 C.
675 3415 731 3491 lo,
751 3417 828 3477 talis
848 3423 897 3477 est
910 3422 947 3479 ut
966 3418 1165 3481 observantia
1179 3421 1210 3478 et
1226 3417 1278 3476 of-
1355 3435 1360 3446 ’

227 3512 301 3575 ficio
323 3513 358 3572 in
378 3511 572 3588 iugurtham
593 3512 740 3589 abundet,
754 3520 785 3576 ct
799 3513 947 3576 videatur
964 3515 1048 3596 apud
1066 3515 1149 3576 filios
1170 3515 1276 3594 potius

227 3627 338 3690 regem
359 3625 455 3686 qnam
477 3608 606 3672 fratrem
626 3607 872 3674 conmendare?

308 3705 603 3784 interpretationem
625 3708 778 3772 adiuvant
806 3710 871 3770 alia
892 3710 987 3772 verba
1010 3709 1041 3772 C.
1064 3710 1110 3770 10.
1132 3711 1187 3772 ubi
1215 3709 1278 3772 iu-

227 3805 352 3886 gurtha
377 3803 504 3877 dicitur,
530 3821 647 3881 parvus
673 3808 742 3868 sine
767 3827 821 3888 spe
849 3809 919 3870 sine
944 3807 1056 3888 opibus
1082 3813 1222 3886 uoooptus
1245 3811 1279 3869 iu

227 3917 369 3980 repuuuu,
381 3919 463 3980 quae
474 3903 649 3980 respiciunt
662 3906 786 3982 tempus
800 3913 874 3967 ante
888 3889 1118 3987 adoptationem
1133 3927 1188 3988 pro
1203 3908 1277 3979 filio,

228 4007 260 4062 et
281 4001 368 4062 nihil
388 3999 477 4061 alind
499 3999 642 4060 indicant
663 4001 726 4062 nisi
748 4002 939 4079 Iugurtham
961 4009 1123 4084 acceptum
1139 4009 1171 4066 in
1187 4005 1278 4065 domo

228 4115 303 4158 cum
324 4100 414 4160 cultu
437 4099 545 4178 regio:
575 4099 620 4159 ita
647 4103 684 4160 ut
711 4100 744 4158 in
773 4101 875 4162 muita
901 4105 1054 4165 varietate
1081 4105 1277 4166 locutionum

230 4195 461 4275 distinguenda
481 4199 546 4258 sint
566 4198 630 4258 tria
649 4203 798 4279 tempora,
813 4201 956 4277 puuuuuu
969 4220 1031 4280 quo
1046 4200 1205 4279 Iugurtha
1217 4217 1276 4259 ac-

229 4298 339 4374 ceptus
355 4298 388 4359 in
403 4315 546 4375 regnum,
558 4297 726 4364 secuudum
738 4301 974 4380 quoadoptatus
988 4321 1042 4380 pro
1057 4301 1130 4372 filio,
1147 4302 1276 4361 tertium
