3322 5188
845 619 999 684 ...62-

399 756 516 817 nsitata
536 755 633 816 huius
654 755 724 816 aevi
746 753 972 834 Scriptoribus3
995 772 1088 834 saepe
1107 758 1212 817 tamen
1235 757 1396 820 invenitur
1414 757 1454 818 in

397 843 522 927 Pleele,
541 873 635 932 quem
656 853 695 914 cf.
715 852 873 930 Amphitr.
883 853 963 931 prol.
988 852 1045 927 38,
1065 849 1186 914 Cercel.
1209 855 1238 916 2.
1253 855 1282 916 2.
1304 855 1362 930 20,
1376 856 1457 916 Men

398 949 478 1011 stell.
499 949 527 1011 2.
547 951 576 1013 2.
597 950 654 1026 52,
674 949 818 1011 Pseulel.
841 950 866 1010 1.
887 949 916 1012 2.
939 949 995 1024 19,
1018 949 1044 1010 1.
1065 949 1093 1012 2.
1114 951 1217 1022 23.,1.
1238 953 1266 1013 3.
1279 953 1339 1028 43,
1356 955 1453 1016 Trio.

398 1049 426 1108 4.
447 1047 474 1109 3.
495 1047 552 1122 39,
576 1048 743 1109 Terentius
764 1066 837 1107 vero
858 1065 932 1108 cum
953 1047 1113 1109 infinitivo
1134 1045 1304 1111 Pleurati.
1320 1051 1349 1112 ’7.
1370 1051 1417 1112 16.
1436 1085 1458 1098 -·

398 1150 566 1226 postquam
579 1150 739 1225 tantopere
757 1144 791 1204 id
812 1165 865 1207 vos
882 1145 961 1207 velle
975 1146 1122 1206 animum
1137 1146 1333 1208 adverteram
1346 1182 1375 1224 -,
1395 1149 1456 1210 cui

399 1245 558 1304 consentit
579 1241 712 1304 Sellesl.
732 1241 804 1320 lue.
825 1244 874 1305 35.
893 1245 923 1314 8.

480 1341 512 1402 O.
533 1339 580 1400 93.
603 1341 630 1400 3.
652 1359 670 1399 r<
691 1359 777 1403 more
798 1343 922 1422 ingenii
941 1341 1075 1404 humani
1098 1341 1211 1422 cupido
1232 1343 1377 1404 difficilia
1398 1345 1457 1406 fa·-

399 1439 509 1501 oiundi
530 1440 674 1500 animum
695 1441 792 1501 vertit
813 1474 835 1484 -
861 1438 988 1501 Oertr'es
1016 1459 1071 1519 pro
1097 1441 1197 1501 eorllt
1220 1441 1364 1515 leeudll,
1393 1445 1456 1504 alii

398 1537 555 1610 lecrelll,
579 1536 736 1620 eeceerllt,
759 1537 858 1614 cepit,
881 1535 1030 1608 aduertit,
1052 1537 1288 1610 animaduertit,
1313 1541 1456 1618 quisque

399 1640 526 1696 secutus
548 1652 625 1713 quos
647 1634 719 1695 vult
742 1633 880 1694 Codices.
894 1633 1079 1695 Dlrleclrr'es
1093 1639 1123 1695 et
1141 1633 1326 1698 Gerleclrr'us
1341 1641 1456 1698 teuent

399 1733 881 1812 lectionem’suprapropesitam
904 1729 1130 1809 sedquoniam
1149 1731 1273 1794 Gellius
1287 1733 1315 1794 9.
1337 1731 1454 1810 lustu,

398 1832 514 1911 profert
534 1849 573 1890 ex
595 1829 750 1892 Sallustio
772 1863 794 1875 -
810 1847 894 1890 more
915 1828 1074 1889 humanae
1088 1829 1249 1908 cupidinis
1264 1830 1379 1907 ignara
1397 1831 1456 1891 vi-

399 1926 494 1987 sundi
517 1960 539 1972 -
560 1930 591 1987 et
611 1926 737 1990 deeius
746 1943 779 2003 p.
795 1925 842 1986 88.
857 1925 952 1988 habet
967 1959 989 1971 -
1004 1925 1178 1986 Sallustius
1199 1927 1233 1986 in
1255 1927 1455 2005 Iugurthino

398 2025 498 2086 bollo:
519 2042 623 2084 amore
653 2023 813 2084 humanae
843 2024 1005 2103 cupidinis
1034 2025 1150 2102 ignara
1176 2023 1323 2099 visundi,
1355 2022 1454 2106 (vide

399 2119 587 2183 Dtetsellee
618 2121 707 2182 Hr'sl.
733 2122 792 2182 lec.
815 2121 906 2204 94),
927 2121 1048 2200 aliqui,
1070 2121 1152 2182 inter
1180 2139 1258 2199 quos
1281 2120 1454 2197 Benacus„

399 2219 481 2298 legit
502 2252 524 2264 -
548 2237 633 2280 more
654 2219 814 2281 humanae
835 2218 997 2299 cupidinis
1019 2219 1133 2296 ignara
1154 2218 1284 2279 visundi
1305 2220 1454 2280 animum

400 2317 496 2376 vertit
515 2349 535 2360 -
555 2316 739 2394 intelligens
760 2350 780 2363 -
800 2316 866 2377 solo
887 2314 1014 2395 legendi
1031 2313 1176 2376 cochleas
1191 2316 1296 2376 studio
1315 2316 1453 2377 allectus

400 2433 562 2474 summum
583 2433 676 2494 prope
697 2415 785 2494 rupis
806 2415 925 2492 attigit,
946 2405 1054 2492 postea
1075 2414 1213 2474 mutavit
1233 2414 1454 2474 consiliumet

401 2515 545 2590 ignotam
560 2512 682 2572 castelli
700 2511 887 2590 positionem
901 2511 1030 2588 propius
1046 2509 1199 2588 inspicere
1213 2511 1313 2570 veluit
1326 2543 1353 2570 -.
1369 2508 1454 2574 Ger-

401 2609 522 2668 lectius
544 2608 590 2667 ait
610 2608 797 2666 -animum
820 2607 918 2666 vertit
932 2604 1053 2665 dietum
1068 2609 1145 2685 puto
1159 2622 1213 2684 pro
1228 2606 1296 2666 eles
1310 2605 1453 2666 ueterem

399 2703 551 2780 implerit,
574 2707 610 2762 ut
630 2707 715 2762 totus
737 2702 771 2762 in
792 2701 854 2763 hae
875 2720 909 2763 re
928 2707 1032 2780 esset;
1051 2704 1237 2780 mutationis
1257 2703 1352 2778 notio,
1368 2717 1454 2781 quae

399 2801 477 2864 huic
492 2799 584 2861 verbo
599 2801 702 2860 inesse
720 2799 805 2874 solet,
819 2800 911 2880 plane
925 2801 1120 2880 negligenda
1132 2833 1163 2860 -.
1175 2799 1328 2861 Animum
1342 2799 1452 2873 vertit,

399 2897 541 2960 absolute
561 2899 720 2976 positum,
741 2914 805 2957 non
828 2901 930 2978 potest
951 2897 1094 2976 intelligi
1122 2895 1366 2968 eulmelecrte't,
1396 2895 1453 2956 sed

399 3013 459 3056 uec
479 2995 624 3055 animum
645 2993 799 3074 implevit,
821 2993 905 3073 quod
925 2999 1022 3073 negat
1043 2995 1129 3057 verbi
1144 2994 1326 3074 proprietas.
1342 2993 1454 3054 luter-

400 3092 608 3170 pretationem
631 3087 792 3165 Bereouf.
816 3091 948 3153 adiuvat
974 3091 1080 3152 affinis
1108 3092 1224 3152 locutio
1244 3124 1264 3139 -
1284 3092 1452 3165 animum,

274 3175 281 3247 J
400 3188 570 3266 ingenium
590 3189 715 3250 flectere
736 3223 758 3235 -
780 3207 876 3268 quam
898 3186 995 3250 habet
1016 3187 1193 3251 Selleslles
1215 3186 1286 3262 Iup.
1307 3187 1334 3248 9.
1350 3184 1388 3261 3.,
1404 3186 1453 3248 62.

402 3285 439 3360 6.,
460 3283 507 3345 64.
528 3283 566 3359 3.,
589 3285 654 3346 102.
677 3285 734 3363 15,
755 3305 804 3347 res
825 3305 888 3347 neu
909 3289 1077 3366 repugnat,
1092 3285 1126 3345 in
1150 3283 1279 3345 homine
1293 3283 1417 3344 seilicet
1431 3301 1452 3344 a

401 3401 435 3444 re
453 3381 578 3445 ludicra
598 3383 638 3442 ad
658 3384 837 3460 graviorem
859 3400 1020 3446 converso.

354 3499 360 3514 ·
483 3479 515 3541 C.
538 3479 586 3540 93.
600 3480 630 3541 4.
646 3479 767 3558 «Ligus
782 3482 906 3542 castelli
922 3480 1092 3560 planiciem
1106 3477 1275 3558 perscribit
1290 3501 1306 3540 ›>
1324 3477 1453 3540 Codices

402 3577 572 3638 admodum
592 3578 738 3655 variant3
754 3577 947 3656 praescribit
965 3581 1021 3636 aut
1029 3576 1222 3654 perscripsit
1234 3577 1451 3652 communius3

403 3675 469 3749 alii,
491 3676 583 3736 in...
604 3675 775 3756 planiciem
794 3676 960 3754 peraruit,
987 3671 1124 3734 Orrlle'es
1150 3679 1258 3735 tuetur
1278 3674 1449 3754 perrepsll,

401 3771 584 3834 Dlelsclrtes
600 3793 639 3834 ox
653 3775 835 3834 coniectura
849 3776 879 3832 et
898 3769 990 3832 nulle
1012 3769 1125 3833 Codice
1138 3769 1364 3851 adstipulante,
1371 3781 1452 3846 prr-

403 3875 574 3943 sereleler,
597 3872 651 3933 sed
669 3873 702 3932 in
717 3871 790 3931 elil.
803 3872 879 3929 mle.
894 3871 969 3931 anni
985 3869 1071 3931 1874.
1080 3869 1242 3948 pereeer't‚·
1261 3866 1449 3932 uerteretur

403 3967 561 4046 inpriore
582 3966 860 4047 elil.perser·lbz'l‚
884 3968 918 4026 in
944 3967 1064 4028 reluere
1084 3967 1160 4027 anni
1187 3965 1273 4026 1856.
1295 3965 1450 4042 peraruit.

406 4065 467 4138 Qui
482 4068 589 4126 tenent
596 4063 776 4144 perscruter,
793 4065 1039 4145 interpretantur
1050 4097 1072 4109 -
1084 4065 1189 4124 auimo
1205 4062 1327 4124 scilicet
1337 4093 1358 4108 κ
1369 4059 1451 4123 idest

403 4161 561 4223 cermeria.
582 4163 741 4224 Lleleree
762 4165 794 4223 et
814 4163 963 4224 Krltrles
983 4159 1118 4242 probant
1145 4157 1257 4221 Orelllt
1282 4159 1450 4220 coniectu-

405 4279 492 4338 ram;
513 4259 586 4322 vide
605 4257 744 4320 Dielselr.
769 4257 880 4322 demet.
902 4259 930 4322 5.
946 4278 979 4340 p.
996 4259 1061 4321 129.
1082 4263 1113 4320 et
1128 4259 1154 4319 1.
1164 4273 1197 4336 p.
1220 4255 1266 4317 14.
1280 4260 1353 4318 eote
1366 4271 1396 4317 e.
1413 4255 1449 4331 1.,

406 4362 460 4425 ubi
481 4361 599 4425 multas
620 4360 699 4422 alias
722 4359 872 4423 Codicum
897 4360 1048 4424 lectiones
1076 4357 1185 4434 affert,
1206 4375 1287 4436 quae
1311 4357 1450 4421 maxime
