3322 5188
705 420 872 489 ·-ar-

274 555 406 623 coeam.
426 555 467 620 od
485 555 597 620 Attea.
619 555 646 619 6.
667 555 715 620 26.
730 558 854 636 priua,
877 557 961 636 quod
987 576 1021 620 eo
1047 559 1157 620 notavi
1187 576 1227 621 ne
1247 559 1321 640 plus

269 671 371 735 nequo
391 654 601 718 obtrudantur
621 655 813 716 imitationes
834 654 1068 725 Demosthenis.

348 751 401 813 Fr.
422 751 469 813 61.
489 750 538 815 25.
555 753 695 832 «itaque
715 752 880 816 verborum
902 754 982 814 eatis
997 753 1119 816 dictum
1139 757 1196 818 est:
1217 771 1321 834 neque

268 849 356 910 onim
376 849 567 928 ignorantia,
588 867 637 911 res
658 848 791 912 claudit.
805 871 823 910 »
839 847 920 912 Vide
931 848 984 925 sr.
1004 849 1043 912 80
1059 884 1082 898 -
1102 851 1322 914 coniurations

269 945 390 1008 claudit
402 977 422 992 -
435 965 476 1008 cx
488 945 668 1020 Pritotcoo,
684 951 716 1008 et
728 945 819 1008 Fiet.
837 946 956 1023 tuost.
974 947 1032 1010 107
1046 981 1068 994 -
1082 947 1167 1010 nihil
1179 947 1323 1012 socordia

269 1040 449 1105 claudebat
458 1076 479 1090 -
493 1041 646 1105 claudere
657 1061 713 1123 pro
722 1041 903 1107 claudicare
920 1042 1042 1112 dictum
1052 1045 1164 1106 volunt
1174 1042 1321 1106 Donatus

266 1143 301 1204 ct
318 1138 523 1217 Priamum,-
542 1138 615 1202 vide
634 1135 795 1202 oleatum
814 1139 856 1201 ad
877 1138 1062 1202 Ferentium
1081 1140 1227 1202 Foooet.
1248 1141 1277 1202 1.
1289 1141 1321 1204 2.

265 1233 334 1310 84.,
354 1234 455 1297 Aodr.
472 1235 504 1298 3.
525 1235 553 1298 3.
573 1235 638 1311 41.,
658 1234 789 1316 Adcipio.
810 1235 840 1298 4.
861 1236 890 1298 3.
911 1236 975 1312 16.,
995 1242 1027 1300 et
1047 1237 1254 1300 presulatum
1271 1237 1319 1298 10.

260 1348 296 1412 p.
310 1331 380 1394 514.
401 1331 520 1396 Dubito
534 1332 572 1396 de
585 1332 647 1396 hac
660 1350 743 1396 nova
763 1333 1008 1413 significatione
1022 1351 1160 1414 namque
1173 1335 1238 1410 hic,
1251 1349 1321 1396 rem

267 1429 450 1492 claudicare
476 1429 669 1509 ignorantia,
683 1446 749 1492 nec
768 1430 837 1493 loco
857 1433 967 1511 aptum
987 1435 1055 1505 est,
1076 1447 1134 1494 nec
1155 1431 1224 1492 ulla
1254 1447 1320 1492 ne-

265 1526 414 1588 cessitate
432 1526 626 1600 adstruitur,
647 1543 722 1588 oum
742 1527 900 1590 sententia
919 1527 1038 1607 optime
1056 1526 1205 1607 procedat
1226 1526 1276 1588 ita
1296 1557 1320 1574 -

264 1623 359 1704 plura
378 1641 442 1686 non
461 1622 543 1686 addc
562 1624 640 1702 quia
660 1641 766 1690 rerum
786 1627 906 1686 etatum
926 1641 989 1686 non
1013 1623 1181 1704 ignoratis,
1200 1639 1321 1686 nec-o-

264 1737 327 1801 pus
348 1724 397 1784 es't
416 1720 541 1784 occulta
561 1720 722 1784 recludere
742 1737 817 1784 cum
838 1721 945 1783 omnia
965 1721 1031 1782 sint
1051 1725 1168 1800 aperta.
1191 1718 1320 1782 -Beue

263 1815 443 1878 licentior
462 1816 503 1878 ad
524 1815 596 1879 Fer.
617 1815 702 1878 Eua.
717 1816 743 1878 1.
757 1816 785 1880 2
800 1816 848 1880 84.
868 1816 960 1881 affert
983 1813 1159 1892 Cicerocum
1174 1815 1211 1878 dc
1231 1818 1281 1898 off.
1299 1851 1319 1865 -

263 1929 324 1976 nec
343 1913 390 1974 ita
409 1912 586 1976 claudenda
606 1917 657 1976 eet
676 1931 726 1976 rcs
753 1913 942 1991 familiaris,
970 1919 1007 1976 ut
1033 1930 1104 1977 eam
1131 1913 1318 1992 benignitas

264 2010 386 2089 aperire
405 2028 469 2074 non
488 2011 596 2092 possit,
618 2028 678 2073 nec
698 2011 746 2074 ite
766 2009 935 2075 reseranda
947 2015 984 2072 ut
1003 2013 1112 2091 pateat
1125 2010 1273 2076 omnibus
1288 2030 1318 2088 -;

263 2105 361 2170 verba
380 2106 417 2168 ir.
438 2105 486 2169 80.
508 2109 712 2172 consentiunt
731 2126 840 2172 omnes
860 2125 929 2170 ease
948 2110 1106 2188 corrupta

342 2202 394 2264 Fr.
415 2203 463 2265 61.
482 2203 532 2270 26.
553 2223 572 2263 ‹<
592 2222 656 2267 non
676 2206 781 2284 gloria
811 2204 985 2267 movemini
1015 2223 1118 2285 neque
1149 2203 1275 2284 flagitio
1296 2228 1315 2267 »

262 2299 407 2362 Boeotos
427 2301 469 2363 ad
491 2301 637 2365 Peucetii
656 2301 739 2364 Fato.
759 2303 788 2366 2.
809 2301 837 2364 3.
859 2301 907 2363 90.
929 2301 975 2363 ita
994 2301 1112 2380 flagitii
1134 2302 1313 2364 derivatio-

262 2416 337 2460 nem
366 2399 465 2462 tradit
485 2433 508 2446 -
528 2397 709 2479 Flagitium
729 2417 814 2462 more
834 2399 968 2462 militari
998 2398 1118 2460 dicitur
1139 2417 1188 2462 res
1209 2399 1315 2478 dagi-

263 2497 391 2570 tatione,
405 2496 465 2559 hoc
484 2500 533 2558 est
551 2498 778 2577 increpatione,
797 2497 906 2576 digna3
927 2509 1004 2560 nam·
1025 2496 1184 2576 flagitatio
1197 2515 1218 2558 a
1231 2502 1315 2560 stro-

261 2595 334 2674 pitu
354 2592 491 2669 dicitur,
512 2593 596 2656 unde
617 2593 747 2656 flamma
767 2598 799 2656 et
822 2593 953 2674 tiegella
983 2598 1014 2656 et
1043 2593 1211 2674 flagitare,
1233 2591 1315 2656 idest

260 2707 438 2771 personare,
459 2689 674 2770 intelligimus
695 2691 769 2769 dici3
789 2708 866 2753 nam
886 2690 1094 2754 haecomnia
1114 2691 1185 2752 siue
1205 2690 1314 2752 sonitu

262 2789 450 2870 crepituque
469 2806 533 2850 non
553 2792 637 2850 eunt.
659 2821 682 2836 -
701 2787 744 2852 Et
764 2788 850 2852 favet
869 2786 1046 2852 Sallustios
1059 2786 1131 2862 Iup.
1152 2785 1181 2848 5.
1200 2785 1230 2848 4.
1250 2785 1280 2850 4.
1294 2816 1314 2834 -

261 2904 367 2966 neque
389 2885 423 2947 id
442 2885 605 2965 flagitium
623 2883 763 2948 militiae
783 2885 920 2947 ducitur.
934 2917 955 2934 -
976 2884 1161 2948 Communis
1181 2882 1311 2963 quidem

261 2984 306 3046 eit
330 2983 486 3046 derivatio
507 2982 636 3045 illarum
656 2999 789 3057 vocum,
810 2999 1007 3062 quamquam
1026 2979 1174 3060 flagitare
1194 2985 1226 3042 et
1246 2979 1313 3042 fia-

261 3081 384 3159 gitium
397 3080 535 3160 primam
555 3078 713 3160 syllabam
727 3077 866 3142 habeant
886 3078 1026 3158 longam,
1041 3077 1208 3158 flagellum
1229 3095 1312 3151 vcro,

261 3179 371 3256 utpote
394 3176 544 3256 aflagro‚
563 3176 699 3254 brevem3
722 3175 777 3240 sed
797 3175 974 3255 flagitium,
988 3175 1073 3255 quod
1086 3193 1143 3256 pro
1163 3174 1313 3236 dedecore

263 3276 296 3334 ct
314 3274 426 3352 probro
443 3279 516 3349 est,
537 3273 616 3338 Sall.
638 3272 692 3335 hic
712 3277 743 3336 et
762 3272 834 3348 Iup.
854 3272 903 3335 85.
923 3273 991 3350 42,
1011 3273 1102 3363 Hert.
1123 3271 1151 3333 3.
1172 3271 1219 3332 61.
1244 3271 1312 3347 26,

259 3367 377 3431 Horat.
391 3369 420 3431 3.
434 3370 462 3431 5.
476 3371 536 3448 26,
546 3372 655 3434 minus
668 3369 764 3436 habet
777 3387 944 3434 commune
963 3387 1038 3433 cum
1052 3369 1200 3448 flagitare
1213 3386 1313 3448 quam

180 3507 182 3513 -
259 3483 336 3528 cum
350 3467 513 3545 primitivo
526 3467 671 3549 flagrare,
685 3485 760 3532 eum
773 3485 866 3548 saepe
885 3467 997 3549 optimi
1019 3466 1193 3548 Scriptores
1213 3484 1312 3528 usur-

258 3568 335 3645 pent
349 3563 488 3642 flagrare
507 3565 651 3642 infamia,
666 3584 789 3629 rumore
802 3565 885 3628 malo
903 3568 962 3627 etc.
980 3563 1077 3626 Credo
1091 3565 1198 3642 itaquo
1211 3563 1312 3643 flagi-

259 3663 342 3726 tium
362 3663 471 3741 magis
494 3663 697 3744 repetendum
717 3681 737 3724 a
756 3663 895 3743 flagrare
915 3660 1149 3741 significatione
1168 3659 1310 3734 cadeoldi,

257 3756 393 3822 Plautus
417 3758 524 3832 Curio.
545 3761 574 3824 5.
595 3759 623 3824 3.
645 3760 672 3822 1.
687 3795 710 3806 -
730 3762 870 3823 maximo
889 3759 983 3822 ordeo
1004 3758 1131 3838 flagitio
1145 3755 1259 3820 -aoa
1281 3755 1309 3818 3.

255 3854 283 3916 4.
302 3856 351 3918 28.
372 3888 394 3902 -
413 3859 542 3954 flagitii
555 3858 744 3938 staprcotio.
765 3889 785 3910 -
808 3854 913 3921 Cicero
943 3855 1010 3922 Ver.
1025 3886 1046 3904 κ
1064 3855 1213 3919 convivia
1226 3869 1309 3932 quae

251 3954 368 4032 stupris
386 3956 602 4072 flagitiisque
613 3952 827 4033 2691666111-
847 3957 878 4016 et
898 3952 935 4016 dc
959 3952 1010 4017 Or.
1031 3951 1083 4015 lib.
1103 3952 1133 4016 2.
1157 3949 1188 4014 0.
1208 3949 1237 4018 2.
1260 3947 1308 4016 11.
1395 4029 1397 4033 ,

248 4045 381 4115 aarum
392 4077 559 4164 stamma·
580 4053 620 4118 ot
640 4052 747 4115 Ploot.
768 4050 896 4114 Pocool.
916 4049 945 4112 3.
965 4050 994 4114 2.
1015 4049 1064 4116 32.
1085 4063 1144 4128 seq.

315 4143 361 4216 Fr.
385 4161 427 4300 >3
454 4203 480 4256 ⁴<
504 4176 552 4234 aa
574 4157 646 4227 tuna
665 4168 833 4231 maxume,
852 4149 901 4221 uti
920 4148 999 4220 solet
1020 4149 1054 4220 in
1073 4145 1226 4218 extremis
1248 4162 1306 4212 re·-
