3322 5188
831 579 986 642 „26-

386 710 598 794 suspicionem
621 710 787 776 adducunt
810 713 906 776 verba
920 709 1094 772 laetabatur
1107 698 1300 790 tutelarem,
1316 715 1434 775 aercius

385 813 456 871 eret
467 808 622 885 dubitares,
641 814 730 882 esset,
747 807 893 883 credebat,
904 809 996 888 quasi
1009 826 1027 868 a
1038 806 1268 886 glossatoribus
1279 810 1387 872 addita
1401 819 1436 873 ut

385 907 577 972 seutentiam
598 927 654 988 per
674 926 707 969 se
732 907 859 986 plenam
880 910 1046 968 onerarent
1065 923 1102 968 ac
1123 907 1333 970 debilitarent.
1354 909 1436 970 Nam

384 1007 523 1088 primum
544 1004 619 1068 libri
640 1004 851 1066 vetustissimi
874 1009 970 1082 atque
983 1003 1092 1084 optimi
1112 1003 1144 1064 in
1161 1023 1197 1064 ea
1211 1005 1344 1066 lectione
1358 1023 1438 1066 oon·-

384 1103 548 1181 santiunt3
570 1101 684 1168 deinde
705 1100 882 1166 Sallustius
902 1101 957 1163 hie
977 1120 1038 1162 non
1060 1100 1140 1180 quid
1166 1107 1363 1163 transactum
1392 1104 1437 1164 sit

384 1199 493 1263 vivide
512 1205 544 1262 et
570 1200 716 1262 alacriter
743 1199 855 1274 refert,
882 1198 946 1272 sed,
974 1198 1055 1277 quid
1076 1199 1115 1260 dc
1137 1198 1297 1262 Ciceronis
1322 1199 1436 1264 habitu

385 1298 488 1360 animi
511 1296 545 1361 iu
565 1301 659 1364 tanta
678 1315 711 1359 re
730 1303 922 1378 compertum
945 1295 1230 1376 habeat,exponit;
1250 1301 1283 1358 et
1302 1306 1370 1358 erut
1383 1298 1437 1358 di-

383 1392 520 1457 cendum
542 1393 693 1458 distinete
713 1411 778 1474 qua
798 1413 831 1456 re
852 1394 960 1456 Cicero
980 1398 1064 1456 esset
1083 1393 1196 1468 laetus,
1211 1410 1277 1472 qua
1295 1397 1436 1478 anxius3

384 1489 469 1571 quod
489 1490 517 1554 si
538 1490 703 1554 tolleretur
723 1491 915 1567 intellectas,
939 1509 1004 1571 qua
1024 1511 1058 1556 re
1077 1492 1212 1570 gavisus
1226 1497 1310 1554 esset
1325 1493 1437 1572 expri-

383 1593 531 1665 meretur,
551 1609 624 1666 non,
644 1609 710 1671 quo
729 1591 836 1668 magis
856 1589 918 1652 sibi
939 1591 1150 1670 persuasisset
1170 1589 1234 1650 iam
1252 1590 1434 1669 perieulum

383 1687 528 1750 civitatis
554 1707 610 1769 pro
640 1691 758 1750 remoto
777 1705 846 1750 esse
865 1686 1067 1762 habendum,
1087 1705 1123 1748 eo
1144 1687 1250 1766 magis
1276 1687 1434 1750 laetitiam

384 1789 513 1846 auctam
543 1803 631 1861 esse3
652 1787 779 1854 retento,
803 1801 876 1846 vero
905 1782 1108 1858 irttellepear,
1134 1784 1198 1845 iam
1220 1782 1433 1847 membrorum

383 1880 643 1959 aequabilitatem
664 1886 696 1942 et
716 1885 837 1943 rectum
857 1879 1000 1942 ordinem
1013 1881 1172 1960 postulare
1192 1886 1229 1942 ut
1242 1879 1361 1942 servari
1377 1878 1437 1942 de-

384 1977 480 2043 beant
499 1977 641 2057 reliquae
660 1991 763 2041 voces.

461 2074 514 2144 Ad
534 2074 630 2138 verba
649 2107 669 2124 -
688 2092 822 2156 poenam
843 2075 972 2138 illorum
994 2075 1054 2139 sibi
1077 2077 1183 2152 oneri,
1210 2075 1433 2158 impunitatem

384 2173 430 2236 rei
450 2171 597 2252 publicae
616 2171 797 2252 perdundae
816 2174 882 2236 fore
896 2207 918 2220 -
933 2173 1121 2255 Interpretes
1134 2173 1254 2238 habeut
1274 2173 1352 2236 haec
1375 2192 1434 2254 po-

384 2275 502 2333 strema
521 2288 577 2352 pro
596 2271 760 2349 genitivo,
781 2276 813 2334 et
832 2270 986 2352 quoniam
1008 2271 1093 2334 oneri
1114 2275 1162 2333 est
1186 2270 1315 2332 dativus
1342 2271 1436 2332 aiunt

383 2368 469 2432 nihil
489 2367 612 2430 officere
632 2367 850 2432 diversitatem
865 2385 999 2430 casuum
1014 2371 1092 2448 quia
1106 2369 1139 2430 id
1153 2368 1231 2430 solet
1245 2366 1433 2440 Sallustius,

383 2465 520 2528 adducto
544 2465 611 2528 Cat.
631 2465 679 2526 33.
700 2466 737 2540 2,
761 2466 831 2541 len.
852 2465 881 2527 7.
903 2466 938 2540 1.,
960 2465 1008 2526 84.
1028 2466 1057 2527 2.
1078 2465 1240 2527 Existimo
1252 2465 1344 2543 reip.
1353 2481 1434 2542 per-

383 2561 517 2636 dundae,
539 2580 608 2624 esse
628 2562 683 2624 hic
704 2560 846 2624 eiusdem
867 2577 961 2624 casus
982 2578 1056 2622 cum
1077 2562 1180 2635 oneri,
1201 2562 1318 2642 quippe
1341 2562 1435 2623 ambo

383 2657 522 2740 pendent
551 2657 680 2733 afore,
707 2663 746 2719 ut
773 2658 807 2720 iu
842 2657 908 2720 Oet.
931 2657 977 2720 10.
1000 2659 1029 2721 2.
1050 2660 1139 2721 -cis
1169 2659 1271 2720 otium
1301 2658 1436 2722 divitiae

383 2754 471 2818 oneri
492 2754 703 2834 miseriaeque
723 2755 810 2818 tuere
827 2789 859 2831 -,
880 2763 937 2818 aut
957 2756 1202 2835 intelligendum
1216 2775 1285 2818 esse
1299 2756 1433 2819 verbum

380 2851 569 2915 huiusmodi
583 2853 661 2916 --rei
675 2872 706 2934 p.
719 2852 899 2934 perdundae
911 2859 1120 2932 comparatum
1135 2855 1198 2916 fore
1213 2889 1235 2902 -
1250 2859 1287 2917 ut
1308 2854 1434 2918 Terent.

381 2949 515 3031 Adelph.
534 2951 563 3014 4.
582 2951 619 3014 24
634 2951 677 3026 6.‚
698 2950 812 3014 Horat.
833 2951 872 3014 A.
893 2951 930 3015 P.
951 2952 1018 3028 82,
1038 2952 1143 3015 Pinea
1164 2953 1247 3015 Ituci.
1275 2951 1303 3014 5.
1324 2952 1352 3014 3.
1375 2951 1435 3027 ra,

384 3047 463 3110 Sall.
484 3048 567 3110 Hist.
588 3048 616 3109 3.
636 3048 694 3126 54,
715 3054 746 3113 et
767 3049 813 3112 ita
834 3049 868 3112 iu
888 3050 1050 3131 plerisque
1069 3049 1143 3112 aliis
1163 3049 1242 3112 locis
1270 3049 1435 3111 similibus

383 3145 555 3226 tenendum
575 3164 654 3209 csse.

465 3241 498 3304 C.
518 3242 568 3304 46.
589 3242 617 3304 5.
640 3262 658 3302 <r
678 3244 774 3306 Recte
794 3243 980 3306 Dieteete'ar
1010 3243 1091 3306 Com.
1114 3241 1187 3323 Cap.
1206 3244 1235 3306 4.
1251 3261 1284 3322 p.
1305 3243 1353 3304 64.
1367 3242 1436 3320 fiae

384 3340 548 3404 concludit
567 3340 725 3402 elicienda
745 3359 813 3403 esse
833 3341 929 3405 verba
949 3341 982 3402 in
998 3340 1158 3414 Senatum,
1174 3346 1205 3404 et
1219 3340 1384 3403 retinenda
1397 3358 1436 3402 aa

382 3437 490 3500 ventre
510 3435 603 3499 iubet.

463 3533 496 3596 C.
516 3534 566 3596 46.
586 3535 614 3596 5.
637 3555 655 3595 «
676 3535 794 3598 Consul
814 3535 997 3611 Lentulum,
1017 3535 1101 3614 quod
1121 3535 1251 3599 Praetor
1269 3541 1346 3614 erat,
1366 3537 1452 3617 ipse¹

382 3648 481 3693 mauu
502 3637 612 3696 tenens
633 3633 816 3714 perducit»
837 3632 999 3709 Bararus.
1020 3633 1188 3696 -honoris
1214 3653 1331 3711 causa,
1358 3635 1435 3695 dum

382 3732 521 3804 ceteros,
542 3735 648 3811 utpote
669 3732 802 3794 minoris
823 3729 1015 3808 dignitatis,
1039 3733 1222 3797 custodibus
1250 3733 1389 3796 traderet
1406 3765 1435 3793 -.

384 3823 482 3885 Credo
503 3830 534 3887 et
554 3828 623 3906 regi
645 3827 825 3906 Iugurthae
844 3828 965 3889 factum
985 3827 1114 3892 honoris
1135 3848 1233 3893 cause
1247 3847 1266 3892 a
1281 3831 1314 3892 O.
1332 3829 1436 3892 Mem-

382 3921 447 3982 mio
468 3921 540 3986 trib.
561 3924 603 4003 pl.
623 3923 695 4000 Ity.
716 3923 765 3984 33.
785 3925 814 3985 4.
835 3957 858 3970 -
878 3929 949 4006 post
969 3927 1023 3990 ubi
1045 3929 1209 3990 silentium
1229 3929 1340 4008 coepit,
1360 3945 1437 4006 pru-

383 4017 478 4082 dncto
498 4019 658 4098 Iugurtha
674 4020 770 4084 verba
783 4022 862 4083 iacit
876 4056 907 4097 -‚
921 4041 1117 4104 quamquam
1126 4025 1295 4104 perdocere
1309 4029 1340 4086 et
1349 4041 1436 4104 pro-

265 4187 269 4196 ·
383 4117 495 4178 ducere
514 4118 638 4197 aliquid
659 4117 814 4181 differant.
837 4119 883 4182 Ol.
903 4120 974 4197 Iup.
990 4121 1038 4184 65.
1052 4122 1080 4184 2.
1094 4122 1133 4183 de
1147 4122 1319 4184 honoribus
1337 4123 1436 4186 sellae

382 4218 414 4278 et
435 4214 597 4278 custodiae
622 4217 782 4278 concessis
803 4218 844 4280 iis
872 4237 950 4298 quos
972 4217 1006 4280 P.
1029 4219 1064 4280 R.
1087 4236 1177 4296 reges
1201 4220 1434 4299 appellavisset,

386 4312 581 4397 'tarquinius
603 4313 658 4380 ille
677 4314 733 4396 qui
754 4317 912 4398 protectus
933 4317 973 4382 ad
995 4315 1169 4382 Catilinam
1188 4335 1227 4382 ex
1242 4317 1355 4384 itinere
1376 4339 1434 4387 re·-
