3322 5188
712 536 866 599 ...63-

266 671 461 735 oonveniunt
481 671 514 731 in
531 667 710 748 perscribit,
731 670 889 745 inscribit,
911 669 1031 747 scribit,
1047 671 1205 737 describit.
1220 673 1317 738 Credo

260 769 409 848 peruenit
430 785 498 833 osse
518 784 538 828 a
557 767 806 846 glossatoribus,
827 768 944 847 quibus
960 767 1132 848 perscribit
1150 791 1213 832 non
1236 773 1319 834 satis

266 866 421 946 liqueret,
442 872 473 926 ct
493 863 557 926 huc
578 865 705 926 illatum
731 883 751 924 a
771 866 997 944 posterioribus
1020 868 1125 929 verbis
1160 865 1190 930 O.
1214 868 1261 930 94.
1289 868 1318 930 3.

266 961 437 1023 -tandem
467 963 502 1024 in
529 963 696 1024 castellum
715 963 923 1041 peruenirent,
944 997 966 1009 -
988 964 1072 1044 quod
1099 963 1143 1026 ibi
1166 964 1317 1028 idoneum

264 1059 342 1137 quia
361 1061 472 1138 agitur
494 1059 532 1122 de
553 1060 711 1122 militibus
732 1061 788 1138 qui
809 1061 1006 1140 propositum
1027 1060 1185 1122 habebant
1200 1077 1318 1140 perae-

265 1153 384 1228 nieezdi,
400 1159 431 1218 et
445 1156 500 1218 diu
515 1156 716 1234 multumque
730 1156 860 1234 fatigati
882 1156 1010 1218 tandem
1020 1158 1223 1236 peroeoieat;
1244 1175 1319 1220 oum

264 1256 375 1314 contra
394 1251 516 1332 Ligus,
537 1254 605 1314 sola
618 1253 808 1332 explorandi
830 1258 887 1314 aul
907 1255 1052 1316 tentandi
1077 1253 1226 1335 cupidine
1246 1258 1318 1315 trau

212 1428 215 1434 Ι
264 1355 346 1424 ctus,
374 1351 469 1428 quasi
489 1367 567 1412 casu
593 1351 764 1430 planiciem
788 1350 926 1412 oblatam
955 1352 1045 1412 vidit.
1070 1351 1113 1412 Et
1137 1352 1319 1432 pervenisse

263 1443 418 1524 Ligurem
440 1448 597 1508 nonsatis
619 1447 767 1508 idoneum
781 1452 830 1508 est
849 1448 925 1521 loco,
940 1449 1017 1527 quia
1035 1449 1145 1510 statim
1165 1448 1320 1524 adiicitur

176 1609 182 1620 ,
264 1560 364 1604 causa
375 1576 397 1588 -
410 1543 493 1623 quod
507 1546 615 1607 cuncti
630 1545 789 1606 Numidae
809 1545 925 1608 intenti
939 1545 1170 1624 praeliantibus
1184 1552 1273 1607 erant
1283 1577 1317 1619 —,

263 1656 348 1718 *qnae
366 1657 465 1704 causa
485 1643 591 1720 magis
613 1641 734 1706 indicat
754 1642 861 1703 datam
876 1660 915 1704 ex
930 1659 966 1703 eo
985 1642 1171 1704 facultatem
1192 1641 1318 1704 visendi

263 1735 335 1797 sine
355 1738 518 1814 molestia,
540 1756 636 1817 quam
655 1738 871 1818 perveniendi.
902 1737 984 1799 Mihi
1005 1739 1109 1818 placet
1133 1736 1317 1818 perscribit,

263 1851 327 1894 non
348 1839 455 1895 tamen
477 1839 513 1896 ut
534 1837 576 1896 sit
596 1835 745 1896 mandore
764 1835 950 1908 memoriae,
974 1835 1029 1897 sed
1049 1836 1190 1916 amplius
1211 1836 1317 1914 signis

263 1930 466 2008 quibusdam,
481 1930 613 1993 rudibus
629 1933 656 1991 si
669 1932 761 2011 nelis,
785 1931 1009 2014 (τοπογραφίαν
1029 1937 1144 1994 vocant
1155 1932 1174 2016 J,
1196 1931 1318 1992 descri-

263 2026 346 2102 bere,
361 2045 424 2106 quo
438 2027 541 2106 Ligus
563 2029 712 2090 maiorem
733 2027 837 2104 fidem,
852 2031 886 2090 iu
901 2048 933 2092 re
947 2031 1029 2090 tanti
1050 2029 1213 2103 momenti,
1232 2027 1318 2108 apud

263 2121 403 2186 Marium
433 2125 495 2187 sibi
526 2124 660 2198 laceret,
685 2143 813 2204 remque
844 2145 907 2187 non
930 2126 1034 2188 verbis
1055 2131 1182 2188 tantum
1209 2125 1265 2186 sed
1285 2130 1317 2186 et

263 2221 324 2282 loci
345 2221 451 2302 figura
471 2221 705 2283 demonstraret.
738 2219 770 2282 Si
794 2221 831 2282 de
851 2223 984 2302 epistola
1005 2241 1054 2285 res
1074 2228 1179 2299 esset,
1201 2226 1258 2284 aut
1278 2222 1316 2284 da

265 2317 357 2379 rebus
372 2317 462 2394 actis,
471 2317 664 2396 perscribere
684 2318 881 2396 significaret
904 2317 1024 2380 titteris
1047 2319 1178 2393 tradere,
1200 2319 1317 2382 Libius

263 2415 359 2476 initio
373 2413 458 2489 bist,
476 2415 591 2478 Caesar
603 2415 640 2478 B.
660 2414 696 2480 G.
716 2415 745 2477 5.
759 2413 807 2476 47.
820 2414 905 2493 fio.;
919 2415 974 2477 hic
994 2415 1049 2478 ubi
1070 2416 1180 2494 agitur
1200 2415 1238 2478 de
1253 2415 1315 2478 boso

263 2511 311 2574 nil
326 2511 416 2574 aliud
430 2512 557 2576 videtur
577 2531 763 2593 essequam
785 2513 890 2592 signis
908 2512 1076 2592 delineare3
1098 2513 1239 2590 Graecis,
1260 2532 1316 2576 ea-

262 2607 335 2670 dem
353 2611 594 2690 praepositione,
615 2613 795 2690 διαγράφειν.
817 2611 886 2672 Non
908 2610 1114 2675 dissimulabo
1134 2615 1241 2673 tamen
1261 2612 1316 2673 lo·—

262 2722 338 2765 oum
364 2704 521 2766 Ciceronis
542 2706 581 2768 de
605 2706 689 2768 Oret.
703 2707 772 2771 bib.
786 2707 815 2769 2.
840 2707 971 2786 Copdd.
995 2706 1085 2792 (359),
1106 2710 1163 2788 qui
1178 2709 1218 2771 ab
1232 2710 1316 2784 aliis,

263 2801 366 2878 oredo,
386 2821 449 2864 non
470 2809 517 2864 est
531 2804 782 2879 animadversus,
803 2805 858 2868 ubi
879 2805 916 2868 de
929 2807 1079 2866 memoria
1093 2823 1194 2882 agens
1206 2805 1315 2866 dicit-

263 2900 339 2964 Vidi
360 2919 419 2980 ego
442 2900 653 2962 Charmadam
674 2901 785 2964 divina
805 2921 898 2982 prope
920 2903 1070 2966 memoria
1098 2916 1129 2963 ec
1150 2901 1315 2982 Scaptium
1370 2941 1371 2946 κ

262 2997 482 3074 Metrodorum,
503 3015 637 3077 quorum
659 3004 790 3076 uterque
810 3006 976 3079 tamquam
991 3000 1106 3060 litteris
1122 3000 1155 3059 in
1170 3015 1251 3074 cera,
1267 3001 1316 3061 sic
1393 3045 1396 3052 .

263 3096 428 3170 seuiebat,
451 3097 658 3174 imaginibus,
680 3097 713 3156 in
729 3097 769 3156 iis
783 3096 861 3156 locis
882 3115 961 3174 quos
982 3096 1121 3173 haberet,
1143 3114 1226 3176 qnae
1246 3114 1314 3158 eae-
1347 3116 1349 3120 ·

262 3195 393 3256 neioisee
414 3194 517 3268 vellet,
533 3193 733 3272 perscribere.
746 3225 768 3237 -
784 3191 845 3254 Sed
867 3193 911 3255 ibi
934 3193 1041 3256 Cicero
1061 3199 1092 3254 et
1112 3193 1150 3254 de
1163 3195 1314 3254 memorio

263 3310 437 3378 sermopem
457 3293 620 3371 proprium
651 3291 813 3364 instituit,
836 3296 867 3350 et
888 3290 989 3350 multa
1019 3289 1108 3350 addit
1135 3308 1216 3368 quae
1248 3308 1315 3351 rom

263 3389 497 3464 demonstrent,
519 3409 547 3452 v.
571 3389 629 3450 CC.
650 3387 698 3448 86.
720 3387 768 3449 ab.
791 3386 871 3468 (352
891 3387 931 3448 ad
952 3387 1010 3450 358
1021 3387 1040 3472 J
1068 3387 1176 3448 Etiam
1199 3386 1315 3450 Graeci

261 3505 336 3550 oum
358 3488 489 3550 verbum
511 3487 628 3567 γράφειν
648 3487 689 3548 ad
710 3487 893 3548 memoriam
913 3487 1129 3561 transferunt,
1151 3485 1312 3546 adiunctis

262 3589 336 3648 aliis
351 3587 480 3648 vocibus
495 3586 698 3666 perspicuum
713 3586 845 3660 faciunt,
859 3582 1003 3662 beseleet.
1017 3582 1121 3642 Prone.
1135 3579 1203 3657 788,
1220 3580 1312 3660 Sept.

261 3684 395 3749 Pbibocb.
418 3684 503 3759 1356,
524 3701 601 3763 quos
623 3684 713 3744 affert
737 3681 932 3747 Gerbecbe'ets.

343 3785 376 3844 0.
400 3783 447 3844 93.
468 3781 496 3842 8.
520 3801 536 3840 «
559 3783 666 3859 itaque
693 3801 733 3842 ex
754 3783 843 3862 copia
862 3780 1042 3842 tubicinum
1063 3783 1094 3840 et
1113 3780 1313 3842 cornicinum

262 3902 394 3949 numero
414 3881 556 3961 quinque
576 3896 673 3958 quam
694 3878 922 3940 velocissumos
943 3877 1082 3956 delegit,
1103 3881 1133 3938 et
1155 3895 1229 3940 oum
1251 3877 1312 3950 his,

239 3970 242 3976 ¹
261 3981 418 4062 praesidio
439 3979 495 4058 qui
516 3979 633 4052 forent,
647 3980 798 4055 quattuor
817 3979 1036 4052 centuriones,
1057 3994 1229 4055 omnesque
1250 3976 1312 4036 Li-

262 4081 337 4156 guri
359 4097 468 4160 parere
498 4076 594 4138 iubet.
614 4097 632 4138 »
657 4076 857 4152 Quamquam
887 4075 1006 4136 militas
1030 4074 1071 4136 ad
1092 4075 1125 4135 id
1145 4075 1311 4152 negotium

262 4176 375 4240 delecti
398 4180 502 4260 magis
523 4174 666 4242 terrendo
680 4190 778 4251 quam
798 4173 1017 4254 impugnando
1037 4180 1151 4246 essent,
1172 4181 1202 4232 et
1225 4171 1312 4230 locus

263 4293 326 4338 uon
346 4281 505 4358 pateretur
534 4275 675 4358 amplum
706 4291 894 4348 numerum,
918 4279 1044 4348 tamen,
1066 4277 1101 4332 ut
1122 4270 1310 4347 interpretes
