3322 5188
811 603 969 671 ..82-

364 741 434 817 bus,
447 740 509 806 sibi
522 739 659 822 quisque
679 739 885 803 carissimum
899 739 1066 816 recordari,
1081 738 1253 820 cunctique
1268 741 1413 805 omnium
1503 801 1506 806 .

363 841 511 904 ordinum
540 839 653 902 munia
672 843 815 904 extrema
835 839 936 918 sequi.
964 861 982 901 r>
1003 837 1076 900 Viri
1097 838 1181 900 docti
1210 843 1414 902 correxerunt

363 937 509 1018 assequi,
532 935 616 1017 quod
635 940 743 998 tamen
766 936 928 998 diversum
948 940 1034 1018 puto,
1054 953 1130 998 nam
1150 937 1283 1015 exsequi
1303 936 1414 998 munia

362 1039 411 1098 ost
430 1049 469 1098 ea
482 1051 658 1116 peragere,
678 1035 770 1114 sequi
800 1034 913 1095 munia
942 1040 990 1098 est
1010 1033 1051 1098 ab
1078 1035 1119 1098 iis
1151 1053 1219 1096 non*
1235 1034 1414 1110 abhorrere,

204 1133 208 1140 '
245 1173 247 1180 ι
362 1133 421 1196 illa
441 1137 587 1214 appetere
617 1129 743 1207 animo,
763 1129 848 1210 qnod
868 1131 1009 1196 eiusdem
1029 1133 1157 1211 generis
1178 1137 1226 1194 est
1245 1139 1282 1192 cc
1302 1147 1413 1193 recor-

362 1229 446 1292 dari.
476 1229 542 1292 Nec
562 1228 703 1315 dandum
722 1245 778 1308 pro
805 1239 889 1292 certo
921 1235 1061 1292 cctrcmc
1089 1230 1200 1292 mimia
1229 1229 1317 1308 sequi
1343 1245 1414 1290 esse

361 1330 552 1389 testamenta
572 1324 759 1406 obsignare,
781 1327 866 1407 quod
895 1327 1035 1392 affirmat
1067 1327 1193 1392 Uertice
1213 1345 1232 1389 a
1252 1328 1414 1409 plerisque

361 1423 522 1504 probatus.
542 1423 668 1504 Aperte,
688 1441 752 1484 non
771 1441 828 1504 per
847 1424 991 1502 nebulas,
1011 1424 1072 1488 hoc
1091 1429 1159 1487 eret
1178 1425 1358 1499 dicendum,
1375 1427 1414 1484 ut

361 1521 438 1585 fecit
461 1519 575 1584 Cursor
587 1519 627 1582 B.
644 1518 681 1584 θ.
703 1519 729 1580 1.
743 1517 792 1582 39.
805 1519 866 1583 4.-
878 1522 977 1602 vulgo
996 1521 1073 1585 totis
1092 1523 1206 1586 castris
1229 1524 1423 1598 testamenta,

362 1615 635 1694 obstruebantur-
647 1615 818 1692 eunucus,
840 1621 897 1698 qui
918 1619 1061 1684 eamdem
1081 1617 1148 1684 rem
1168 1620 1298 1701 respicit
1318 1617 1346 1680 3.
1362 1617 1411 1679 10.

362 1715 410 1778 12.
431 1747 454 1762 -·
474 1719 585 1779 tantus
605 1732 707 1778 novae
727 1717 834 1794 gentis
855 1710 954 1778 terror
980 1718 1014 1778 in
1035 1718 1149 1779 castris
1170 1722 1206 1779 ut
1227 1719 1414 1780 testamento

358 1813 484 1894 passim
515 1816 547 1874 et
576 1813 612 1873 in
640 1813 807 1893 principiis
837 1810 1048 1876 setosi-emor
1066 1845 1087 1862 -
1109 1811 1295 1878 seuerius
1314 1811 1370 1876 hie
1387 1841 1414 1860 ··

362 1912 508 1970 extrema
536 1910 667 1983 munia,
688 1909 804 1972 sirim
834 1911 968 1991 oppositi
999 1916 1139 1994 spectes,
1162 1929 1220 1992 pro
1250 1911 1413 1974 vilissima

363 2003 489 2068 dictum
509 2023 578 2068 esse
597 2007 771 2087 putaveris,
785 2010 822 2068 ut
842 2007 876 2068 in
891 2009 1031 2070 cretione
1043 2007 1200 2088 Philippi,
1215 2008 1412 2088 flagitiorum

360 2108 539 2186 postremus
559 2137 597 2179 -η,
618 2106 649 2166 ct
663 2104 696 2164 in
709 2103 843 2182 epistole
861 2103 1067 2168 Mithridatis
1080 2105 1263 2169 -Archelsns
1283 2109 1411 2187 postre-

359 2220 433 2264 mus
454 2219 627 2264 servorum.
648 2199 696 2263 De
716 2201 779 2262 alio
798 2202 932 2264 fortasse
949 2202 1005 2267 hic
1025 2205 1135 2284 agitur
1153 2203 1293 2284 periculo
1312 2218 1411 2282 quam

361 2300 403 2363 ab
423 2297 514 2388 hoste
533 2299 591 2378 qui
611 2299 726 2362 castris
748 2299 929 2376 immineat,
951 2305 1029 2382 puta
1049 2301 1077 2362 si
1097 2291 1263 2363 civitatem
1281 2297 1411 2362 morbus

361 2399 420 2458 aut
438 2396 540 2457 fames
560 2395 693 2475 affligat,
714 2396 765 2458 uel
778 2396 913 2460 classem
933 2401 1107 2479 tempestas
1127 2396 1162 2460 in
1182 2397 1262 2459 mari
1283 2400 1409 2474 urgeat

358 2498 437 2556 tuno
457 2494 543 2556 enim
572 2512 665 2556 nemo
696 2511 822 2574 operam
852 2511 947 2556 snam
970 2498 1096 2558 rccuset
1115 2511 1171 2574 pro
1191 2493 1294 2556 salute
1314 2510 1411 2555 com-

357 2591 470 2666 muni,
491 2591 599 2668 nullo,
620 2591 712 2654 utin
732 2595 850 2654 terrore
869 2590 960 2666 solet,
979 2590 1108 2670 generis
1127 2595 1184 2653 aut
1204 2589 1329 2670 imperii
1351 2587 1410 2649 di-

234 2759 238 2770 ,
358 2686 520 2761 scrimine,
540 2703 598 2748 nec
618 2692 781 2768 expectato
802 2689 988 2750 inferiorum
1009 2687 1197 2752 ministerio.

436 2781 489 2844 Fr.
509 2781 557 2845 77.
579 2802 597 2842 «
617 2784 681 2847 fine
702 2786 877 2864 inguinum
899 2784 1126 2864 ingrediuntur
1145 2803 1241 2848 mere.
1261 2805 1279 2846 »
1302 2781 1408 2844 Simi-

357 2880 433 2943 liter
463 2878 587 2942 Caesar.
607 2881 647 2943 Β.
671 2881 708 2947 θ.
727 2881 757 2944 7.
776 2881 825 2944 47.
847 2917 870 2929 -
890 2883 1152 2947 Matreslamilieo
1179 2882 1316 2967 pectoris
1344 2881 1409 2947 fine

357 2978 572 3058 prominentes
592 2979 830 3043 obtestabantur
850 2980 1017 3047 Romanos.
1037 3011 1061 3028 ·-

629 3144 1076 3239 'mmmmm

435 3369 489 3433 Fr.
510 3369 539 3435 2.
561 3391 579 3430 e
601 3369 693 3434 Coria
723 3389 833 3435 recens
855 3371 997 3440 detracta
1022 3372 1116 3452 quasi
1142 3372 1271 3450 glutino
1295 3371 1409 3438 adole·

356 3467 497 3530 scebant.
515 3491 535 3532 »
552 3468 678 3531 curret.
700 3469 729 3532 6.
749 3467 837 3531 1067.
856 3503 877 3518 -
895 3470 1025 3550 glutine
1044 3469 1191 3533 materies
1210 3472 1342 3534 taurino
1361 3471 1409 3533 ite

354 3565 503 3642 ἐκκρίτων
522 3581 597 3628 uuo,
615 3598 636 3613 -
1002 3549 1006 3558 ’

434 3663 488 3725 Fr.
511 3663 556 3726 la
572 3683 591 3724 <‹
606 3665 687 3728 Oum
707 3665 837 3728 interim
850 3663 974 3726 lumine
993 3663 1175 3728 etiamtum
1191 3665 1311 3728 incerto
1324 3664 1410 3727 duae

357 3757 470 3820 Gallae
489 3763 639 3825 mulieres
660 3768 852 3828 conventum
866 3763 1007 3824 vitantes
1020 3761 1062 3825 ad
1075 3767 1239 3826 menstrua
1256 3761 1406 3825 solvenda

355 3859 496 3918 montem
516 3859 702 3923 ascendunt.
723 3883 741 3923 s
763 3859 928 3924 Menstrua
957 3862 1077 3926 solvere
1097 3880 1160 3924 non
1180 3867 1230 3924 cst
1248 3861 1406 3926 sacrificia

353 3953 475 4028 iacere,
497 3956 582 4034 quod
601 3955 795 4036 quibusdam
814 3957 955 4037 placuit,
975 3957 1030 4022 seul
1056 3960 1228 4022 menstruis
1254 3957 1405 4040 defungi,

353 4049 439 4131 quod
457 4055 544 4132 patet
563 4071 603 4116 ex
621 4052 770 4116 Lucretio
790 4053 818 4116 6.
838 4054 926 4134 796.,
949 4055 1051 4119 Tacit.
1082 4057 1172 4120 Hirr.
1192 4057 1220 4120 5.
1242 4057 1291 4133 6.,
1313 4061 1344 4120 et
1363 4073 1405 4117 ex

353 4149 423 4230 ipso
447 4167 599 4212 sermone.
631 4149 693 4214 Sed
722 4149 916 4215 Plutarchus
940 4151 1056 4217 Crasso
1074 4155 1121 4217 ll.
1141 4158 1294 4218 memorat
1323 4153 1404 4216 duae

354 4247 505 4310 mulieres
520 4263 601 4328 quas
621 4264 713 4310 secra
731 4248 883 4314 iacientes
900 4250 1049 4315 viderunt
1063 4253 1184 4316 milites
1198 4251 1304 4314 Crassi
1325 4250 1403 4312 dum

355 4343 467 4412 collem
487 4339 692 4414 ascenderent
712 4363 908 4432 quamquam
928 4353 1079 4418 carentes
1097 4369 1139 4415 no
1157 4349 1200 4416 ab
1216 4349 1318 4416 oculis
1339 4366 1405 4413 ou-
