3322 5188
675 609 830 671 ...19-

221 747 377 828 quamvis
404 743 575 824 egregins,
601 742 694 806 homo
720 761 822 806 novus
843 742 975 824 adeptus
1003 743 1093 806 foret.
1113 764 1131 806 >r
1153 740 1273 806 Eadem

219 844 306 906 dicit
321 844 359 905 de
372 843 541 906 consulatu
555 841 648 904 Marii
661 841 733 918 Iup.
748 842 795 903 63.
808 842 878 919 stra,
900 841 956 905 ubi
976 841 1096 922 plebem
1118 859 1138 902 a
1157 857 1277 904 consu-

219 942 295 1004 latu
316 942 424 1022 procul
444 939 590 1004 habitam
612 959 681 1002 esse
700 941 755 1002 ait.
777 939 906 1002 Primus
933 939 990 1019 qui
1017 957 1035 1000 e
1060 937 1150 1020 plebe
1176 940 1277 1002 fertur·

222 1040 333 1100 tactus
354 1037 465 1100 consol
489 1042 538 1099 est
564 1035 599 1098 L.
620 1035 750 1100 Sextius
771 1037 833 1099 duo
852 1027 884 1100 et
903 1037 1058 1099 ¹vicesimo
1084 1053 1167 1096 anno
1187 1039 1277 1116 post-

223 1149 325 1216 quam
355 1136 487 1198 Romam
520 1133 609 1196 Galli
639 1139 790 1215 ceperunt
816 1139 852 1196 ut
878 1153 918 1198 ex
938 1132 1033 1196 Fabii
1060 1131 1227 1195 occulitur
1247 1135 1279 1195 et

221 1231 319 1294 Lt'oio
340 1234 368 1293 6.
384 1249 418 1312 p.
440 1232 507 1294 189.
526 1231 581 1293 tin.
595 1231 677 1294 Vide
700 1231 778 1295 Geli.
799 1234 828 1294 5.
847 1234 877 1294 4.
968 1259 969 1266 ¹

308 1329 341 1392 0.
362 1329 412 1393 25.
432 1329 462 1390 4.
483 1347 501 1389 s
522 1329 614 1392 fidem
636 1329 835 1412 prodiderat,
853 1329 1011 1394 creditum
1035 1329 1238 1393 abiurarerat
1256 1349 1276 1390 a

221 1427 323 1490 Fides
348 1427 481 1502 Latinis,
496 1433 532 1488 ut
549 1427 679 1490 Graecis
691 1429 810 1504 πίστις,
825 1429 911 1490 varie
924 1428 1074 1505 sumitur3
1087 1425 1180 1488 tidem
1200 1443 1277 1505 pro-

223 1524 301 1588 dere
312 1525 453 1604 intelligi
467 1529 568 1604 potest
582 1525 632 1586 vel
647 1527 702 1604 qui
717 1525 808 1588 tidem
826 1524 933 1588 datam
947 1525 1054 1606 violat,
1068 1523 1118 1586 vel
1132 1523 1188 1603 qui
1202 1521 1277 1584 fidei

224 1639 307 1684 snae
320 1623 474 1683 iacturam
490 1629 521 1684 et
541 1621 766 1686 detrimentum
787 1622 874 1698 facit,
893 1640 968 1684 nam
982 1622 1060 1686 fides
1073 1621 1214 1684 hominia
1228 1623 1277 1682 est

224 1721 298 1782 eins
319 1719 445 1780 iustitia
464 1735 502 1781 ac
516 1719 649 1798 religi03
670 1720 829 1782 ueletiam
845 1721 901 1799 qui
915 1719 1010 1782 fidem
1027 1720 1230 1782 commissam
1244 1725 1277 1780 et

223 1817 289 1883 sibi
301 1817 452 1881 traditam
464 1816 579 1897 prodit.
589 1817 676 1889 Quae
687 1817 749 1880 duo
758 1817 813 1880 hic
823 1818 994 1898 coniungit
1005 1817 1279 1890 Salioclitacon-

146 1951 149 1956 -
221 1915 338 1977 iunxit
351 1916 449 1978 etiam
463 1915 625 1976 Horatius
638 1913 737 1978 sotir.
750 1915 776 1976 1.
787 1915 815 1976 3.
827 1914 875 1976 95.
887 1947 909 1962 -
922 1914 1094 1996 prodiderit
1107 1913 1278 1982 commissa

221 2011 296 2087 fide,
311 2031 505 2093 sponsumve
526 2012 654 2090 negarit
673 2045 694 2059 -
708 2011 869 2074 Creditum
890 2013 1038 2076 abiurare
1058 2017 1107 2074 est
1123 2009 1278 2073 creditam

220 2111 394 2192 pecuniam
414 2109 620 2173 iureiurando
639 2111 725 2190 apud
746 2111 884 2173 iudicem
899 2129 1027 2192 negare,
1042 2109 1180 2172 Plautus
1193 2107 1278 2170 aad.

220 2207 310 2270 Prot.
325 2208 372 2269 13.
385 2241 406 2254 ·-
419 2209 476 2288 qui
496 2208 593 2268 falsas
614 2207 687 2268 litos
708 2206 799 2268 falsis
813 2209 1006 2270 testimoniis
1020 2212 1143 2289 petunt,
1157 2207 1279 2286 quique

221 2306 258 2370 in
274 2307 344 2366 inre
357 2305 507 2368 abiurant
519 2305 688 2385 pecuniam
704 2337 735 2378 -,
750 2310 782 2364 et
794 2304 886 2366 Asia.
902 2305 931 2366 3.
945 2307 974 2368 2.
990 2306 1039 2367 24.
1055 2337 1077 2352 -
1091 2303 1146 2366 ubi
1161 2302 1278 2384 periu-

221 2405 345 2478 raris...,
359 2403 412 2465 ubi
435 2402 590 2464 creditum
610 2402 669 2465 tibi
691 2401 775 2481 quod
789 2403 840 2476 sit,
862 2402 922 2464 tibi
944 2401 1054 2464 datum
1075 2419 1144 2464 esse
1157 2418 1277 2482 perne·-

219 2502 314 2578 garis
327 2534 348 2552 -ι
365 2498 486 2562 Coccei.
506 2500 535 2562 4.
555 2499 584 2563 2.
606 2499 652 2562 10.
674 2535 697 2546 -
718 2500 775 2580 qni
795 2499 946 2563 abiurant
965 2500 994 2561 si
1014 2497 1094 2579 quid
1115 2497 1277 2562 creditum

218 2603 273 2662 est
292 2597 425 2660 -Perso
443 2598 475 2660 4.
495 2598 523 2659 3.
544 2598 573 2660 9.
594 2631 616 2646 -
632 2615 690 2662 neo
711 2602 818 2660 metuo
839 2597 958 2678 quibus
978 2597 1101 2660 credidi
1122 2593 1217 2658 hodie
1236 2611 1278 2658 ne

220 2696 300 2777 quis
315 2695 396 2756 mihi
418 2695 453 2756 in
474 2695 542 2757 iure
562 2695 737 2759 abiurassit
750 2729 770 2744 -

306 2792 339 2852 0.
358 2792 407 2854 26.
427 2791 468 2853 ad
487 2792 535 2854 32.
558 2811 575 2851 <r
596 2792 634 2852 In
655 2793 749 2855 factis
769 2809 852 2874 qnae
871 2791 926 2854 bic
942 2792 1073 2874 exponit
1096 2789 1279 2856 Sallustius

225 2887 352 2968 aliquid
380 2895 577 2970 praepostere
602 2893 767 2952 narratum
795 2907 864 2952 esse
891 2890 1083 2972 invenerunt
1112 2889 1227 2964 Docti,
1248 2885 1277 2950 si

225 2991 446 3066 comparentur
465 3002 540 3048 cum
561 2985 635 3048 eliis
655 2986 742 3062 locis,
763 2989 950 3068 praesertim
967 2987 1133 3050 Ciceronis.
1148 2987 1277 3052 Linte-

158 3131 160 3135 ,
225 3099 282 3144 ros
296 3088 327 3146 et
344 3083 464 3146 ortemo
484 3084 763 3165 transpositionem
785 3086 819 3146 io
839 3085 945 3148 verbis
964 3089 1217 3166 proposuerunt,
1240 3089 1278 3148 ut

226 3179 402 3244 Sallustius
428 3187 585 3244 constaret
604 3197 679 3242 cum
699 3182 791 3261 aliis3
814 3199 883 3244 eam
906 3201 981 3246 vero
1007 3181 1193 3245 Dietsclriue
1213 3201 1277 3244 non

225 3278 344 3358 probat,
364 3280 442 3358 qnia
455 3285 486 3342 et
500 3279 574 3342 iibri
595 3279 730 3355 obstant,
745 3283 777 3340 at
789 3281 995 3361 transpositio
1008 3280 1104 3344 habet
1119 3279 1276 3361 quaedem

226 3375 436 3455 incommodam
451 3377 565 3440 deinde
578 3379 657 3457 quia
677 3379 847 3442 consilium
868 3395 931 3458 quo
951 3380 1162 3442 narrationem
1184 3377 1277 3440 ordi-⁶

227 3473 318 3535 navit
338 3474 514 3536 Sallustius
536 3494 598 3537 non
628 3475 802 3554 indignum
833 3476 877 3537 sit
899 3475 1058 3557 Scriptura
1086 3477 1142 3555 qui
1165 3477 1276 3537 ornate

226 3585 323 3648 qnam
344 3573 481 3636 tenuiter
500 3573 666 3636 annalium
689 3575 723 3636 in
744 3573 882 3649 modum,
904 3575 1041 3637 scribere
1060 3573 1179 3636 mallet.
1193 3571 1275 3635 Vide

127 3733 130 3738 Δ
225 3685 308 3746 quae
330 3669 363 3728 in
390 3669 450 3730 hoc
476 3677 624 3733 accurate
646 3672 803 3752 disquirit
828 3670 1012 3734 Dictscbt'rts
1036 3669 1118 3734 Cone.
1142 3669 1274 3752 61311.

226 3763 274 3827 31.
293 3764 343 3826 ud.
363 3765 422 3838 42.
444 3770 476 3828 et
495 3768 530 3828 in
546 3768 687 3844 praefat.
710 3769 784 3832 edit.
808 3787 837 3831 u.
861 3769 946 3831 1874.

306 3863 339 3924 O.
358 3863 407 3927 26.
423 3863 452 3924 4.
468 3861 549 3924 «Ad
563 3863 623 3926 hoc
645 3860 797 3952 (Cicero)
817 3868 977 3946 collegam·
988 3885 1083 3930 suum
1098 3868 1274 3932 Antonium

224 3964 369 4042 pactione
388 3963 569 4042 provinciae
588 3964 771 4042 perpulerat
790 3983 830 4028 ne
850 3971 960 4028 contra
977 3985 1043 4030 rem
1062 3985 1093 4048 p.
1108 3966 1241 4031 sentiret
1254 3987 1274 4028 »

228 4059 274 4144 Gt.
286 4059 352 4122 Oct.
360 4060 409 4122 48.
420 4060 449 4122 8.
470 4095 492 4108 -
506 4060 562 4123 alii
580 4060 792 4140 Tarquinium
806 4080 826 4124 a
841 4062 989 4126 cicerone
1003 4065 1185 4128 immissum
1199 4063 1274 4126 aie-'

225 4155 310 4233 bant,
331 4177 370 4222 ue
392 4159 525 4222 Crassus
547 4179 633 4222 more
657 4176 714 4220 suo
742 4165 890 4242 suscepto
916 4162 1071 4226 malorum
1099 4161 1277 4243 patrocinio

226 4272 292 4316 rem
311 4273 340 4335 p.
362 4259 572 4323 conturbaret.
593 4291 616 4304 -
636 4257 736 4320 Hisce
758 4257 840 4320 dolis
861 4265 893 4322 et
911 4261 1040 4322 astutiis
1056 4259 1163 4322 cicero
1176 4257 1273 4319 salo-

225 4355 290 4416 tem
311 4353 354 4416 rei
376 4371 405 4434 p.
429 4357 610 4434 redimebat,
632 4373 787 4442 magnum
808 4360 897 4424 ratus
917 4358 955 4437 si,
977 4357 1129 4423 bonorum
1149 4353 1272 4420 anxilio
