3322 5188
1341 539 1347 570 l

625 645 632 652 ’
727 647 728 650 ’
830 649 984 708 -36-

386 783 474 846 iubet
494 815 515 828 -
538 783 703 864 expeditus
725 781 864 843 tardatos
880 784 912 842 in
934 783 1020 860 fuga.
1042 813 1061 827 -
1082 780 1150 842 Non
1170 781 1318 860 displicet
1337 799 1450 863 oppo-·

385 882 458 942 sitio
479 897 612 941 vocum:
634 897 670 940 ea
691 897 768 940 usus
789 886 837 940 est
856 885 887 940 et
908 879 1044 942 Sisenna
1063 877 1137 939 dist.
1159 879 1186 939 3.
1216 896 1253 939 ee
1273 880 1377 942 Nemo
1405 897 1432 940 o.

384 977 524 1056 eapedt'ti
546 1012 567 1024 -
595 977 763 1056 impeditos
790 977 930 1056 expediti
960 978 1028 1036 sine
1055 971 1119 1038 ullo
1146 995 1275 1037 suorum
1303 977 1432 1040 uulnere

383 1077 514 1134 cunctos
536 1074 732 1134 interficiunt
751 1093 788 1150 -3
810 1073 960 1153 displicet
980 1091 1038 1134 res.
1059 1073 1101 1133 Et·
1118 1073 1299 1133 mirandum
1314 1091 1390 1134 sane
1404 1075 1433 1134 si

382 1171 541 1232 Antonius
564 1171 640 1232 loeis
662 1170 851 1248 aequoribus
872 1174 1040 1248 etmagno
1061 1172 1202 1232 exercitu
1222 1170 1326 1231 adhue
1341 1169 1432 1232 labo-

383 1268 502 1328 riosum
523 1273 619 1346 atque
640 1267 775 1328 arduum
789 1267 922 1329 haberet
936 1261 1101 1347 impeditos
1124 1268 1230 1328 hostes
1254 1268 1433 1345 attingere,

382 1365 449 1443 ipse
470 1364 656 1443 expeditus3
677 1365 724 1425 nil
745 1365 863 1425 mirum
882 1366 920 1440 si,
935 1364 975 1424 ad
990 1365 1221 1444 insequendum
1245 1364 1431 1440 destinatus,

383 1480 446 1522 non
466 1461 576 1540 procul
599 1462 721 1524 abesset
742 1480 760 1522 a
780 1463 857 1522 loco.
877 1462 921 1522 Et
941 1465 1047 1540 magis
1068 1463 1219 1540 congruit
1233 1463 1278 1522 rei
1299 1467 1433 1523 naturae

383 1562 420 1618 ut
440 1557 495 1636 qui
519 1559 554 1616 in
574 1559 686 1636 fugam
709 1578 741 1620 se
762 1555 1101 1640 parat-'autproripin
1124 1578 1191 1620 sese
1217 1559 1366 1638 expediat
1392 1558 1433 1620 ad

382 1655 585 1730 celeritatem,
609 1657 767 1718 interdum
789 1658 885 1717 etiam
906 1657 1039 1718 abiectis
1061 1657 1177 1731 armiS,
1200 1655 1275 1716 inde
1295 1655 1432 1716 Horatio

382 1753 584 1832 appellantur
603 1754 714 1814 celeres
727 1753 841 1828 serpae,
867 1752 897 1814 Ο.
911 1754 947 1816 ,2.
968 1751 996 1813 t.
1018 1753 1057 1828 9.,
1077 1757 1107 1814 et
1120 1751 1149 1814 4.
1169 1752 1197 1812 8.
1219 1752 1265 1812 15.
1286 1751 1432 1812 Ceterum

382 1850 541 1910 exereitus
572 1869 671 1929 aeque
702 1851 820 1911 dicitnr
841 1850 1032 1931 impeditus,
1055 1851 1122 1914 siue
1142 1851 1260 1912 laboret
1291 1848 1432 1911 difficul-

382 1952 448 2008 tate
469 1947 549 2022 loci,
571 1949 638 2008 sive
659 1965 732 2008 cum
754 1949 889 2009 sarcinis
908 1953 941 2009 et
969 1948 1203 2028 impedimentis
1228 1950 1288 2008 iter
1314 1948 1412 2008 faeiat
1424 1965 1433 2023 3

381 2043 468 2122 qnod
494 2051 643 2114 neutrum
662 2045 733 2106 dici
761 2051 862 2127 potest
889 2045 927 2107 de
948 2047 1091 2107 exercitu
1119 2045 1292 2119 Catilinae,
1313 2045 1430 2124 quippe

383 2150 415 2204 et
439 2145 538 2204 armis
564 2161 687 2224 parurnv
704 2151 771 2206 erat
797 2146 972 2207 instructus
998 2143 1068 2224 Cap.
1084 2145 1131 2206 56.
1153 2144 1201 2220 3.,
1221 2145 1309 2205 nulio
1335 2160 1429 2204 oom-

383 2247 508 2302 meatus
529 2259 752 2320 certorumque
773 2242 997 2322 impedimento
1014 2240 1085 2322 Cup.
1101 2242 1148 2304 58.
1163 2241 1200 2316 6.,
1214 2247 1245 2302 et
1258 2240 1434 2312 Antonius,

382 2339 588 2418 insequendo,
603 2340 636 2400 in
657 2339 735 2399 locis
746 2340 951 2418 ‘aequioribus
967 2341 1028 2402 iter
1041 2344 1108 2402 erat
1122 2341 1273 2400 fecturus.
1289 2337 1335 2398 Of.
1353 2333 1435 2396 Cae-

381 2451 446 2498 sar.
468 2435 506 2496 B.
528 2435 563 2501 G.
585 2436 613 2496 3.
636 2436 682 2496 19.
704 2443 734 2498 et
754 2437 822 2512 24„
843 2436 871 2497 4.
892 2436 960 2512 45.,
982 2437 1009 2496 6.
1029 2435 1057 2496 8.
1079 2443 1109 2497 et
1129 2436 1196 2510 34.,
1216 2435 1244 2496 7.
1266 2435 1316 2494 19.
1339 2439 1370 2494 et
1384 2426 1459 2495 27.

383 2531 577 2594 Emendatio
602 2534 705 2610 igitur
732 2552 794 2594 non
822 2539 1004 2612 opportuna.
1026 2533 1296 2612 Nonrespuerem
1316 2531 1434 2594 lectio-

383 2647 457 2691 nem
479 2629 638 2708 tapetias
658 2629 825 2706 iesuperu
846 2631 940 2710 quasi
960 2649 1023 2692 non
1046 2631 1189 2706 latinam,
1205 2631 1282 2709 quia
1301 2646 1435 2709 praepo-

383 2728 457 2790 sitio
477 2729 513 2788 e‘n
534 2727 656 2789 indicat
676 2715 836 2803 conatum,
857 2733 914 2790 aut
932 2729 1191 2808 propensionem,
1212 2745 1287 2788 eum
1307 2728 1432 2788 notione

383 2831 489 2886 motus
511 2844 621 2887 versus
642 2826 775 2905 aliquid,
797 2832 828 2888 et
842 2828 1022 2904 aequivalet
1035 2827 1258 2907 praepositioni
1273 2823 1323 2898 ud,
1339 2822 1432 2902 qnasi

313 2993 316 2998 ¹
383 2921 468 2984 dicat
489 2922 647 3002 capeditos
667 2923 850 2999 adstupens,
872 2923 912 2984 ad
926 2923 1139 3000 sapiendum
1161 2923 1338 2987 Sollertiae
1358 2939 1433 3002 pro-

384 3022 506 3084 miscus
520 3021 572 3083 his
586 3022 871 3102 praepositionibus
886 3027 934 3084 est
948 3040 1025 3082 usus
1045 3056 1074 3096 -,
1087 3020 1231 3101 perducit
1245 3023 1280 3082 ia
1295 3019 1432 3094 domum,

383 3118 420 3180 ἐκ
442 3117 594 3180 Senatum
619 3118 685 3181 Cat.
706 3119 754 3180 40.
772 3120 808 3196 6.,
822 3125 854 3182 et
873 3119 922 3181 46.
934 3119 1100 3194 5.,Ὓιηειιε
1113 3153 1133 3165 -
1145 3119 1290 3198 perducit
1306 3118 1348 3180 od
1360 3122 1432 3178 stu*

383 3215 473 3276 dium
494 3217 554 3292 sui,
575 3216 645 3292 Iup.
666 3216 714 3279 80.
728 3217 773 3294 ⁷3,
794 3219 870 3280 item
891 3217 1058 3298 procedere
1077 3218 1113 3276 ia
1134 3217 1238 3278 locum
1259 3221 1289 3277 et
1310 3215 1351 3276 ud
1378 3216 1431 3276 lo·
1480 3292 1484 3300 Ι

381 3329 457 3374 cnm
483 3312 554 3388 Iup.
582 3311 629 3374 79.
650 3313 698 3389 8..,
718 3314 788 3390 Iup.
810 3314 857 3375 18.
880 3315 935 3390 12,
958 3313 1006 3376 52.
1027 3315 1055 3374 6.
1078 3313 1235 3389 Virptltus
1261 3312 1390 3374 Aeneid.
1411 3345 1432 3361 ··

261 3489 269 3502 ι
382 3409 425 3472 nt
438 3429 501 3472 non
523 3411 557 3472 in
579 3429 724 3473 venerem
744 3429 859 3490 segnes
881 3446 903 3457 -
924 3416 955 3473 et
968 3411 1014 3472 ibi
1033 3411 1061 3472 6.
1082 3409 1129 3474 52.
1145 3443 1169 3488 ··.
1188 3427 1294 3471 cesses
1309 3411 1345 3470 in
1359 3414 1431 3472 uota

382 3525 553 3589 precesque
574 3543 597 3554 -
617 3509 732 3570 Horat.
759 3509 798 3570 A.
819 3508 856 3571 P.
883 3509 1151 3588 -Tyrtaeusque
1179 3526 1281 3570 mares
1308 3508 1430 3568 animos

383 3607 417 3666 in
438 3609 554 3668 martia
573 3607 656 3670 bella
669 3606 823 3670 Versibus
841 3607 1004 3668 exacuit-
1019 3605 1096 3669 Sall.
1117 3605 1182 3668 Uet.
1198 3606 1245 3668 50.
1259 3607 1287 3669 2.
1300 3639 1321 3656 -
1334 3623 1429 3668 exer-

383 3705 496 3766 citatos
518 3705 552 3766 in
573 3705 741 3783 andaciam
755 3739 775 3752 ·-
794 3703 865 3780 Iup.
879 3701 927 3764 37.
942 3702 970 3764 3.
984 3737 1003 3749 -
1016 3705 1135 3768 milites
1153 3707 1311 3768 evocatio
1326 3723 1429 3786 expe-

383 3801 545 3864 ditionem.
565 3835 585 3851 ·-
937 3801 938 3804 ’

463 3899 496 3961 O.
516 3899 564 3962 58.
586 3901 613 3962 6.
635 3919 653 3958 ‹<
674 3900 797 3962 diutius
819 3902 851 3962 in
874 3900 926 3962 his
944 3887 1025 3964 locis
1046 3921 1123 3978 esse,
1144 3903 1172 3964 si
1192 3917 1343 3964 maxume
1356 3898 1430 3960 ani-

383 4016 455 4062 mus
469 3997 557 4073 ferat,
571 4000 721 4061 frumenti
735 4004 830 4077 atque
844 3997 981 4064 aliarum
997 4006 1102 4062 retum
1117 4006 1241 4078 egestas
1255 3997 1399 4079 prohibet
1409 4019 1429 4058 >›

383 4097 418 4158 Si
429 4113 583 4164 maxume
596 4097 724 4157 animus
738 4096 826 4172 ferat,
842 4096 1038 4160 intellectum
1050 4103 1097 4158 est
1108 4097 1263 4158 —etiamsi
1278 4111 1429 4156 maxume

383 4197 418 4259 id
437 4211 623 4276 cuperemus
645 4229 677 4272 -,
697 4195 811 4259 collato
827 4196 917 4258 Ooz'd.
932 4197 1059 4258 Metam.
1079 4195 1187 4268 initio,
1210 4195 1261 4256 cui
1283 4191 1443 4254 addendus

384 4295 542 4358 Horatius
555 4293 614 4376 Ep.
636 4297 662 4359 l.
679 4296 725 4358 14.
746 4297 794 4374 8.;
816 4297 870 4360 sed
890 4302 990 4378 potest
1005 4295 1100 4356 etiam
1115 4293 1255 4372 intelligi
1271 4326 1292 4338 -
1308 4293 1336 4354 si
1351 4309 1430 4353 ma·-

385 4415 481 4476 xume
495 4399 622 4462 animus
636 4399 745 4462 toleret
755 4432 783 4479 -,
795 4418 867 4464 nam
882 4401 1004 4482 praeter
1018 4395 1156 4476 inopiam
1170 4393 1318 4458 frumenti
1334 4395 1428 4471 atquc
