3330 5180
692 608 847 673 ..691-

235 743 284 812 ¹tie
304 763 360 810 suo
379 743 490 828 ipitnr.
513 743 573 810 set
587 734 741 810 servanda
762 747 887 809 videtur
906 744 999 808 lectio
1020 739 1295 819 communisset:

235 847 343 920 11111,
366 847 450 926 quod
470 845 653 908 adverbium
686 863 748 905 non
779 843 1016 905 Grammaticus
1047 842 1160 904 ardens
1188 859 1294 904 amore

243 943 476 1018 Romanorum,
498 942 554 1004 sed
581 941 758 1005 Sallustius
787 943 930 1021 posuisse
962 939 1138 1001 censendus
1169 944 1225 1000 est.
1257 938 1296 998 In

241 1040 300 1102 iilo
320 1041 448 1119 quidem
480 1040 617 1119 vestigio
650 1040 801 1120 temporis
834 1039 922 1100 salus
953 1037 1164 1099 Romanorum
1193 1036 1297 1115 posita

241 1143 322 1212 arat,
342 1139 415 1217 qui,
436 1139 500 1198 nisi
520 1137 683 1199 Bocchum
704 1135 896 1199 avertissent
916 1153 935 1196 a
956 1133 1131 1216 Iugurtha,
1152 1132 1295 1194 adhibito
1357 1187 1361 1194 .

245 1235 314 1296 dolo
338 1235 393 1296 ubi
416 1236 517 1297 virtus
542 1253 604 1294 non
626 1234 816 1312 profecerat,
838 1234 956 1294 frustra
975 1232 1050 1294 belli
1077 1231 1172 1292 finem
1193 1247 1295 1308 expe—

240 1335 393 1394 ctassent.
415 1333 522 1392 Etiam
544 1333 577 1391 in
602 1319 758 1402 Catilina,
780 1329 830 1390 41.
852 1329 891 1405 3.,
907 1347 962 1409 per
975 1327 1180 1406 Allobrogum
1204 1327 1296 1388 indi-

245 1429 332 1490 cium
353 1428 687 1514 servatauRepublica,
709 1427 785 1488 dum
806 1427 855 1487 illi
878 1427 1007 1488 incertis
1028 1425 1179 1486 consiliis.
1193 1425 1227 1484 in
1249 1443 1294 1484 u-

241 1530 389 1605 tramque
408 1531 530 1606 partem
561 1523 770 1598 traherentur,
805 1522 982 1586 Sallustius
1013 1517 1059 1582 ait
1079 1552 1100 1570 -·
1119 1521 1197 1582 haee
1228 1521 1295 1581 illis

245 1624 455 1700 volventibus,
469 1621 598 1683 tandem
613 1619 838 1695 vioitsertnnc
858 1621 903 1681 rei
924 1619 1069 1699 publicae
1089 1649 1121 1689 a.
1138 1618 1202 1678 Nec
1223 1633 1296 1678 vero

244 1724 316 1801 post
335 1721 439 1796 initur
459 1725 543 1784 recte
564 1718 750 1782 servabatur
763 1716 880 1792 delenit
898 1715 1037 1790 estnon,
1054 1715 1109 1777 sed
1126 1713 1297 1776 dicendum

240 1824 313 1880 oret
327 1817 440 1894 dcllpit
454 1836 491 1880 ec
505 1815 596 1880 iubet.
612 1818 663 1878 Ex
678 1816 746 1877 edit
756 1817 832 1878 min.
846 1813 985 1877 Diceret.
1003 1815 1081 1875 unni
1103 1813 1189 1888 1874,
1204 1813 1296 1875 video

246 1933 333 1976 nun-c
352 1915 524 1977 Iordanum
544 1933 599 1995 pro
612 1912 899 1988 lectionefeliottcr
918 1915 1110 1990 argumenta
1128 1910 1300 1990 protulisse

242 2030 328 2093 qnae
341 2011 540 2074 Dietscbium
560 2012 718 2072 flexerunt
738 2011 778 2072 ed
799 2010 966 2072 delendum
974 2010 1120 2088 flectitur
1134 2013 1165 2069 et
1185 2007 1297 2082 initur.

327 2109 360 2172 0.
382 2109 448 2170 106.
469 2109 497 2172 2.
520 2126 537 2167 «
558 2108 674 2182 simul,
695 2108 744 2169 uti
765 2111 860 2170 noctu
881 2107 964 2168 clam
986 2125 1094 2168 secum
1114 2105 1298 2185 profugeret

244 2213 339 2286 roget
357 2213 454 2286 atque
474 2207 627 2284 hortatnr3
651 2203 706 2268 ille
727 2206 833 2267 animo
853 2205 947 2267 feroci
968 2208 1066 2282 negat
1086 2207 1145 2264 etc.
1162 2247 1191 2262 ..
1212 2205 1298 2262 cete·-
1324 2191 1326 2196 ’

248 2325 319 2368 rum
334 2306 373 2367 ab
388 2304 495 2367 ecdem
514 2305 653 2366 monitus
668 2303 716 2364 uti
730 2307 827 2364 noctu
839 2302 1111 2382 proficiscerentur
1125 2299 1298 2362 consilium

247 2402 407 2484 adprobat.
424 2425 442 2464 ›>
457 2399 547 2462 Sulla
560 2407 651 2481 turpe
665 2402 761 2480 fugae
781 2419 896 2463 nomen
917 2403 1050 2475 recusat,
1071 2397 1298 2478 profectionem

247 2501 422 2564 honestiori
442 2501 580 2575 nomine,
598 2499 717 2580 probat.

290 2637 293 2644 ·
328 2599 361 2660 O.
383 2597 448 2660 108.
468 2598 496 2661 2.
518 2617 536 2656 «
555 2597 700 2668 consulta
721 2615 789 2659 sese
809 2596 915 2658 omnia
929 2613 1002 2658 cum
1016 2595 1072 2656 illo
1086 2594 1215 2672 integra
1228 2591 1295 2654 ha-

247 2697 321 2760 bere
340 2718 358 2758 »
380 2693 600 2757 Dubitandum
621 2693 762 2755 consulto
782 2694 837 2755 hic
856 2711 925 2754 esso
944 2693 1051 2754 omnia
1076 2707 1298 2771 quaecumque

243 2792 495 2866 consulerentur,
509 2809 550 2852 an
565 2806 692 2869 eaquae
706 2791 770 2852 iam
784 2791 929 2852 consulta
942 2793 1047 2852 essent
1061 2788 1296 2866 intelligantur.

249 2889 348 2954 Video
361 2887 523 2950 Bocchum
543 2887 672 2968 petiisse
693 2906 711 2948 a
731 2887 834 2972 Mario
852 2890 900 2950 uti
922 2887 1049 2968 Sullam
1070 2885 1111 2946 ad
1132 2903 1165 2946 se
1187 2886 1298 2946 mitte-

245 2993 296 3052 ret
316 2989 408 3050 cuius
428 2987 584 3049 arbitratu
604 2986 642 3048 de
663 2985 884 3049 communibus
905 2985 1046 3063 negotiis
1070 2982 1298 3056 consuleretur,

247 3085 284 3150 C.
307 3085 372 3147 105.
387 3085 492 3164 princ.
504 3105 515 3162 ,·
537 3084 603 3159 sed,
625 3085 736 3145 statim
757 3083 955 3163 colloquendi
975 3084 1063 3145 locus
1084 3100 1147 3143 non
1175 3080 1245 3154 luit,
1267 3085 1298 3140 et

250 3185 352 3248 solum
373 3202 429 3263 per
448 3183 594 3244 Maurum
616 3181 773 3244 Dabarem
795 3183 984 3243 nunciatum
1006 3184 1054 3241 ost
1075 3178 1195 3254 Sullae,
1209 3177 1298 3239 Boc-

244 3281 347 3344 chum
368 3284 515 3360 paratum
535 3297 603 3342 esse
624 3280 725 3340 lacere
746 3297 828 3359 quae
847 3278 988 3360 populus¹
1004 3277 1164 3339 Romanus
1188 3277 1298 3349 vellet,

250 3379 279 3442 0
308 3378 393 3455 108.;
413 3378 607 3457 colloquium
628 3379 736 3456 postea
756 3377 903 3439 habiturn
924 3381 981 3450 est,
1003 3376 1114 3439 multis
1136 3392 1155 3434 a
1174 3372 1298 3434 Boccho

247 3477 433 3557 promissis,
454 3481 490 3536 ut
509 3480 594 3556 patet
615 3494 654 3536 ex
674 3479 738 3535 toto
762 3471 793 3535 O.
816 3460 981 3536 110.'Inde
1002 3475 1098 3536 verba
1122 3472 1163 3534 ab
1190 3471 1299 3533 Inter-

249 3573 390 3654 pretibus
419 3573 577 3634 intellecta
604 3577 679 3633 sunt
706 3571 744 3633 de
773 3572 819 3632 eis
849 3588 929 3650 qnae
953 3571 1216 3652 consulerentur,
1236 3568 1299 3629 hac

245 3669 409 3732 sententia
428 3701 449 3715 -
468 3670 631 3748 integrum
653 3674 701 3732 est
721 3669 801 3730 mihi
816 3668 973 3748 quidlibet
987 3669 1150 3730 consulere
1169 3667 1300 3729 -nulla

245 3767 417 3848 sponsione
437 3771 544 3827 teneor
563 3783 640 3844 erga
661 3766 853 3846 Iugurtham
874 3765 954 3844 quin
975 3765 1072 3828 libere
1088 3771 1195 3826 tecum
1216 3783 1299 3828 con-

246 3867 356 3927 sulam
375 3897 413 3938 -,
434 3881 515 3943 quae
545 3865 761 3943 interpretatio
782 3865 864 3926 mihi
884 3864 1010 3927 videtur
1030 3864 1134 3926 verbis
1155 3883 1218 3924 non
1247 3883 1300 3926 re-

246 3966 411 4046 spondero,
425 3966 502 4043 quia
522 3963 663 4025 consultu
684 3966 788 4026 omnin
809 3982 877 4027 cam
898 3965 955 4026 illo
976 3953 1100 4039 intecto
1122 3963 1242 4039 hubenc,
1262 3983 1299 4025 1-

247 4064 404 4125 stendunt
423 4061 548 4142 aliquid
569 4063 632 4122 iam
654 4064 834 4125 consultum
855 4083 934 4140 esse,
956 4063 1077 4138 11111.
1093 4061 1141 4124 11.
1155 4063 1192 4138 5.,
1206 4061 1298 4124 erte.
1354 4112 1357 4116 .

249 4161 290 4238 21
309 4166 378 4223 tum
398 4163 475 4241 quia
493 4163 620 4236 intento
639 4159 747 4221 tubere
768 4160 932 4238 significat
951 4162 1037 4224 nihil
1057 4161 1210 4223 consuitis
1236 4159 1298 4222 de·

247 4257 375 4320 trahere
394 4259 465 4334 111.
487 4259 553 4322 110.
573 4260 602 4320 4.
625 4257 711 4331 Quae
732 4259 760 4320 si
781 4277 856 4322 vera
876 4264 960 4336 sunt,
984 4265 1014 4323 et
1036 4265 1179 4322 seruatur
1192 4274 1297 4336 proe-

250 4371 324 4418 1111
344 4357 468 4435 habere,
488 4360 665 4426 necessario
686 4357 887 4427 sentiendum
902 4360 1027 4425 ridetur
1041 4357 1181 4422 consulto
1196 4355 1296 4423 intel-
