3322 5188
686 564 842 628 ..47-

238 700 350 764 mortis
371 701 458 760 metu
476 697 696 763 liberabantur
709 731 742 773 -,
756 700 871 762 sedita
892 701 998 777 magis
1020 701 1179 762 sententia
1193 717 1293 779 quarn

236 798 333 862 verba
348 789 549 878 explicantur
555 817 564 875 ;
586 815 662 858 uam
677 798 885 860 mutabantur
900 816 964 859 non
978 798 1107 878 respicit
1125 798 1291 872 Romanos,

236 896 295 958 sed
315 895 371 958 illa
391 896 505 974 gravia
525 900 558 957 et
578 895 697 974 flagitii
717 894 831 974 plena,
852 913 935 974 quae
958 895 1078 956 tutiora
1105 899 1136 956 et
1163 897 1293 976 ample-

236 992 349 1055 ctenda
369 1011 443 1072 prae
469 996 567 1055 morte
593 990 727 1054 honesta
747 992 819 1054 visa
846 991 1295 1070 superseminarent.
1337 1045 1340 1054 ,

236 1088 284 1150 36.
303 1119 325 1137 -
344 1105 402 1150 nec
415 1088 500 1152 -oria
520 1085 644 1151 divitiis
658 1089 801 1152 Arabum
822 1087 986 1151 liberrima
1006 1092 1094 1150 muto
1110 1123 1133 1134 -

316 1185 352 1247 0.
373 1184 421 1247 41.
442 1187 470 1247 6.
493 1205 511 1245 «
532 1187 679 1248 (laterum
700 1186 853 1250 nobilitas
874 1187 1012 1249 factione
1026 1188 1133 1264 magis
1146 1186 1296 1266 pollebat,

234 1283 337 1365 plebis
358 1283 407 1346 vis
428 1283 533 1344 soluta
552 1287 648 1362 atque
662 1284 812 1364 dispersa,
827 1286 864 1345 in
879 1283 1087 1346 multitudiue
1111 1285 1219 1346 minus
1233 1302 1295 1365 po-

235 1383 368 1444 terat'»
391 1380 469 1442 Inde
481 1379 628 1455 sectioni
644 1380 790 1443 adhaesit
804 1381 1000 1460 significatio
1013 1382 1182 1461 potentiae,
1196 1399 1293 1462 opum

235 1475 344 1541 Pauor.
369 1476 445 1541 Cot.
465 1479 495 1541 2.
517 1477 543 1539 l.
566 1476 613 1538 Π.
634 1510 657 1524 -
678 1497 781 1557 neque
801 1497 857 1540 nor
879 1480 1017 1541 factione
1037 1484 1148 1555 tante,
1171 1485 1294 1558 quanta

235 1579 273 1638 tn
283 1593 405 1650 sumus,
418 1575 526 1654 Neque
540 1593 612 1655 opes
626 1580 752 1638 nostrae
764 1581 831 1638 tam
846 1582 922 1638 sunt
936 1576 1062 1640 validae
1076 1596 1174 1658 quam
1184 1583 1262 1639 tuae
1272 1609 1308 1656 ··.

319 1672 352 1733 0.
371 1672 420 1734 46.
443 1673 471 1733 l.
492 1673 627 1734 «simul
649 1673 689 1734 de
709 1669 981 1737 innocentia-Eius
1003 1673 1163 1759 (Metelli)
1178 1675 1295 1738 certior

237 1770 355 1832 Romae
375 1771 479 1832 lactus
500 1793 518 1832 »
538 1769 679 1832 Dictaeis.
704 1769 816 1834 Coram.
841 1770 912 1850 Cep.
933 1771 962 1834 5.
978 1789 1011 1850 p.
1034 1772 1103 1836 121.
1123 1777 1234 1834 contra
1248 1791 1293 1833 o·-

236 1885 326 1930 mnes
349 1867 478 1930 Codices
493 1868 736 1930 emendetcum
758 1867 887 1930 Kritae'o
902 1869 1034 1931 -Itooro
1053 1903 1085 1945 -,
1107 1869 1186 1949 quia
1209 1868 1294 1947 quod

237 1965 359 2028 dnobus
380 1971 455 2027 ante
474 1967 568 2026 annis
589 1966 711 2027 factum
732 1967 776 2027 sit
793 1984 907 2046 parum
923 1971 1006 2028 recte
1027 1967 1178 2030 adverbio
1195 1964 1298 2027 simut

237 2063 402 2128 efferretur
415 2079 490 2125 cnm
506 2064 610 2142 potius
622 2063 806 2126 conveniret
819 2097 841 2108 -
856 2065 955 2127 simul
968 2065 1085 2126 Romae
1098 2068 1247 2143 expertus
1261 2097 1291 2122 -.

240 2159 425 2226 Gerloolriuo
445 2164 550 2222 servat
572 2159 711 2233 Codices,
734 2175 754 2219 a
774 2160 893 2238 quibus
913 2179 976 2224 nou
998 2161 1174 2223 recederem
1188 2160 1228 2222 ob
1242 2158 1294 2220 le-

238 2276 309 2320 vem
331 2274 463 2319 causam
485 2273 567 2336 quae
588 2255 738 2330 adfertur,
759 2271 832 2316 cum
853 2259 968 2318 notitia
990 2259 1049 2318 illa
1071 2258 1294 2330 innocentiae,

237 2373 335 2434 quam
350 2355 467 2416 Romae
480 2356 677 2434 perspectam
691 2353 854 2428 habuerat,
877 2352 983 2413 adhuc
996 2353 1181 2433 perduraret
1195 2361 1295 2433 atque

236 2454 344 2514 animo
364 2451 543 2531 Iugurthae
564 2450 800 2526 obversaretur,
822 2459 853 2512 et
873 2450 958 2511 nihil
979 2450 1168 2530 persuadeat
1201 2451 1293 2513 illam

238 2549 275 2613 de
296 2551 468 2630 improviso
500 2548 672 2610 accessisse
691 2567 748 2628 per
767 2549 903 2610 nuncios
934 2552 991 2610 aut
1018 2567 1074 2628 per
1092 2549 1236 2625 litteras,
1257 2552 1296 2609 ut

237 2649 286 2710 illi
311 2648 433 2709 volunt.

318 2743 352 2804 0.
371 2742 420 2804 46.
441 2742 469 2804 3.
492 2761 509 2802 «
530 2743 655 2806 Metello
686 2743 751 2804 iam
772 2747 847 2806 ante
867 2743 1095 2824 experimentis
1126 2744 1295 2822 cognitum

237 2844 305 2904 erat
325 2857 429 2919 genus
443 2841 656 2903 Numidarum
678 2840 822 2916 infidum,
845 2841 976 2920 ingenio
996 2829 1294 2916 mobili,'novarum

238 2957 346 3002 rernm
368 2937 499 3001 avidum
520 2957 589 3000 esse
609 2971 629 2986 ··
650 2937 695 2998 Of.
715 2937 788 3014 Iup.
809 2938 858 3000 91.
869 2939 946 3016 stae.

318 3036 352 3098 0.
371 3035 420 3098 47.
440 3037 469 3101 2.
491 3034 602 3097 «Huc
624 3035 742 3098 Consul
763 3036 861 3098 simul
892 3035 1037 3098 tentandi
1064 3037 1190 3116 gratia,
1210 3039 1242 3099 et
1264 3037 1293 3098 s'i

237 3137 422 3216 paterentur
442 3134 677 3214 opportunitate
695 3133 767 3208 loci,
787 3134 986 3214 praesidium
1007 3135 1168 3215 imposuit.
1189 3165 1210 3184 ω
1229 3135 1296 3197 Re-

238 3239 288 3296 cte
306 3231 448 3294 Dictaei.
477 3230 559 3295 Com.
584 3230 617 3294 0.
642 3232 671 3296 2.
686 3249 724 3312 p.
743 3232 793 3296 21.
824 3231 992 3296 lectionem
1013 3232 1136 3294 banca
1159 3232 1294 3297 deutero

238 3332 431 3412 propositam
456 3330 631 3411 improbat,
652 3331 729 3410 quia
750 3349 934 3412 pervorsum
957 3335 1004 3394 est
1024 3330 1294 3412 opportunitatem

238 3435 317 3491 tunc
338 3441 538 3492 accessuram
560 3430 588 3490 si
610 3428 789 3491 Vaccenses
809 3431 1001 3509 paterentur,
1021 3435 1053 3491 et
1074 3427 1186 3490 scribit
1200 3461 1223 3473 -
1244 3427 1294 3487 si-

238 3526 308 3588 mul
336 3527 512 3608 temptandi
543 3527 649 3606 gratia
680 3528 708 3589 si
728 3529 929 3608 paterentur,
950 3531 982 3588 et
1003 3527 1042 3589 ob
1062 3526 1292 3605 oportunitates

238 3624 300 3688 loci
321 3659 364 3700 -,
384 3625 468 3704 quod
488 3624 569 3686 mihi
589 3623 677 3686 haud
698 3625 804 3704 magis
825 3624 993 3704 probatur,
1013 3624 1092 3702 qnia
1113 3621 1292 3685 Sallustius

238 3742 301 3786 nou
322 3723 499 3804 praemittit
531 3723 577 3784 ita
598 3722 657 3783 hoc
688 3723 875 3786 adverbium
905 3739 980 3783 cum
1002 3721 1083 3782 duas
1107 3723 1164 3782 aut
1183 3722 1292 3802 plures

238 3823 383 3904 proponit
402 3838 517 3882 causas
537 3820 677 3881 alicuius
697 3821 774 3882 facti
794 3825 851 3884 aut
871 3819 1012 3896 consilii,
1032 3837 1170 3898 quarum
1191 3819 1293 3881 altera

238 3920 330 3982 alteri
352 3918 502 3993 accedet,
523 3917 578 3980 sed
598 3917 701 3997 priore
721 3920 912 3994 enunciata,
933 3919 1065 3982 alteram
1085 3935 1121 3978 eo
1142 3916 1292 3978 adverbio

239 4018 362 4098 incipit,
382 4016 454 4092 Iup.
473 4015 503 4076 4.
523 4015 554 4078 2.
574 4047 597 4061 -
618 4015 711 4076 cuius
741 4015 779 4077 de
799 4017 918 4078 uirtute
946 4016 1023 4095 quia
1053 4015 1148 4077 multi
1180 4013 1291 4074 dixere

239 4114 502 4192 praetereundum
522 4118 613 4195 puto,
634 4110 734 4175 simul
761 4131 801 4173 ne
820 4132 877 4193 per
897 4113 1099 4175 insolentiam
1119 4113 1193 4190 quis
1214 4110 1291 4172 exi-2

240 4215 359 4274 stumet
379 4211 495 4276 meniet
515 4213 658 4276 studium
690 4229 796 4274 meum
818 4211 977 4273 laudando
1005 4211 1161 4273 extollere.
1181 4241 1204 4258 η
1225 4205 1291 4268 Cot.

241 4305 289 4372 16.
303 4307 332 4372 4.
346 4339 366 4356 ··
379 4309 436 4374 Eis
459 4313 573 4376 amieis
594 4311 753 4392 sociisque
773 4309 912 4375 confisus
928 4305 1189 4384 catilinarium
1207 4303 1291 4388 quod
