3322 5188
680 421 834 486 „49-

243 557 290 617 est
302 571 425 638 sapere;
445 560 482 619 ut
502 557 596 620 hosce
616 523 789 634 instruxit,
811 559 900 638 ipsus
920 556 984 620 sibi
1011 555 1100 619 cavit
1119 557 1195 620 loco.
1208 549 1284 619 ria

236 648 317 715 idem
345 654 403 716 hoc
434 656 502 717 iam
534 655 683 737 Pyrrhus
704 656 866 718 factitavit
893 689 926 715 -.
942 653 1183 735 .Postprinoipia
1213 671 1286 717 vero

235 748 416 838 (coniuncte)
438 759 516 816 sont
536 754 658 817 milites
679 754 828 816 collocati
848 756 919 836 post
938 753 1105 834 principia,
1126 752 1178 813 vel
1197 752 1285 813 locus

235 864 325 926 quem
344 850 367 910 ii
388 852 508 913 milites
528 856 662 930 tenent3
683 852 874 914 transfertur
905 852 1002 913 etiam
1029 849 1223 928 significatio
1243 847 1287 910 ad

236 947 336 1007 omnia
350 966 493 1028 eaquae,
514 949 598 1012 iacto
617 951 784 1031 principio,
804 954 993 1028 sequuntur,
1015 945 1112 1011 Vorro
1128 965 1168 1008 ex
1185 944 1286 1010 (iciiio

219 1040 281 1106 .16.
304 1042 349 1104 18.
361 1043 421 1120 Jin.
436 1079 459 1093 -
474 1048 620 1128 voluptas
641 1047 757 1108 harum
778 1046 1022 1128 disciplinarum
1043 1045 1076 1105 in
1088 1043 1286 1123 postprinci*

234 1141 304 1218 piis
316 1143 425 1206 existit
437 1163 538 1224 quum
551 1145 707 1225 perfectae
720 1145 948 1222 absolutaeque
962 1147 1047 1220 sunt3
1068 1142 1101 1202 in
1111 1139 1287 1220 principiis

234 1255 306 1300 vero
327 1240 403 1319 ipsis
424 1243 549 1323 ineptae
570 1247 601 1304 et
621 1243 771 1304 insuaves
786 1241 936 1302 videntur
952 1240 1068 1301 -etin
1084 1238 1220 1302 Sisenna
1234 1237 1287 1301 vel

234 1333 273 1396 de
294 1335 441 1401 Historia
461 1374 484 1388 -
505 1340 589 1420 quod
609 1341 637 1401 si
658 1357 721 1402 non
741 1339 855 1400 horum
875 1338 1019 1400 omnium
1040 1336 1161 1398 similia
1179 1339 1287 1397 esseut

232 1432 393 1512 prinn'pio
420 1453 458 1498 ac
473 1438 707 1518 postprincipio
728 1469 751 1482 -
771 1439 802 1498 et
821 1435 841 1496 3
860 1434 897 1496 ic
917 1433 957 1496 a.
976 1435 1016 1496 Ii.
1037 1434 1148 1512 -Ego
1169 1451 1244 1494 vero
1265 1449 1286 1494 a

229 1531 470 1612 postprincipiis
492 1534 633 1620 (incipio)
656 1541 693 1596 ut
711 1534 748 1596 in
768 1533 894 1606 rostris,
910 1532 970 1595 hoc
990 1537 1040 1594 est
1052 1531 1093 1593 ab
1112 1531 1164 1593 his
1178 1530 1286 1612 potios

233 1628 422 1708 temporibus
443 1650 541 1712 quam
570 1632 788 1713 superioribus
802 1665 824 1678 -
839 1630 977 1693 Plontrn
996 1629 1096 1691 Pcrsn
1114 1629 1144 1692 4.
1166 1629 1193 1690 1.
1212 1629 1243 1690 4.
1262 1653 1286 1674 «-

234 1723 280 1785 sic
299 1726 327 1788 ei
347 1730 521 1808 procedunt
544 1729 782 1809 postprincipio
807 1729 949 1808 ¹denique
970 1761 993 1774 -
1013 1727 1070 1790 ubi
1101 1725 1243 1802 Scoiipcr
1262 1755 1286 1772 ·-

233 1825 388 1887 castrense
416 1827 618 1907 proverbium
645 1831 713 1900 est,
734 1843 755 1886 a
782 1826 1029 1906 postprincipiis
1061 1825 1220 1904 incipere,
1250 1823 1286 1884 in

228 1922 470 2002 postprincipiis
491 1929 585 2001 stare,
607 1925 640 1985 in
658 1924 906 2001 postprincipiis
926 1941 1003 1985 esse.
1024 1921 1068 1983 Et
1081 1939 1141 1982 non
1157 1919 1286 1982 disinn*

233 2020 284 2076 cta
302 2015 378 2080 haec
399 2021 455 2082 sed
475 2022 649 2082 coniuncta
669 2024 754 2080 sunt.
774 2051 795 2066 -
814 2018 895 2082 Post
910 2018 1075 2098 principio
1095 2016 1285 2078 disiunotim

234 2115 369 2178 occurrit
389 2117 424 2178 in
446 2117 582 2179 adducto
604 2115 751 2179 Terentii
767 2115 848 2193 loco,
868 2117 945 2178 item
965 2115 1286 2178 ministrarant

226 2206 333 2284 finon.

309 2309 378 2372 lam
399 2332 473 2376 vero
493 2313 604 2393 quaeri
625 2316 732 2394 posset
751 2329 892 2393 quanam
912 2310 1148 2390 significatione
1168 2307 1285 2373 Solin-

233 2405 315 2466 stios
324 2411 571 2489 postprincipio
591 2412 804 2490 usurpaverit.
825 2408 1008 2472 Secundum
1022 2410 1190 2472 lectionem
1208 2407 1286 2470 vul-

233 2507 341 2578 gatam
370 2505 467 2568 verba
498 2507 613 2570 debent
643 2507 813 2586 disiungi,
833 2507 1064 2587 praepositione
1095 2510 1127 2567 et
1145 2505 1285 2580 nomine,

233 2602 307 2677 quia
336 2603 491 2666 infinitivi
523 2603 668 2666 historici
698 2603 838 2684 pendent
867 2621 976 2665 omues
1002 2603 1238 2665 anominativo
1259 2635 1283 2647 -

173 2699 177 2704 '
233 2695 298 2776 ipse
317 2700 464 2764 Metellus
485 2701 586 2780 -qui
616 2707 649 2762 et
666 2701 837 2782 paullatim
866 2699 1073 2782 procedebat,
1094 2705 1126 2761 et
1145 2699 1286 2761 Marium

231 2801 299 2874 post
318 2799 476 2879 principia
495 2797 649 2872 habebat,
670 2802 702 2859 et
727 2813 802 2859 cum
833 2797 983 2858 'sinistrae
1016 2797 1088 2858 alae
1118 2796 1284 2884 equitibus

232 2897 306 2954 arat.
326 2895 389 2958 Sed
402 2896 484 2958 mihi
505 2914 569 2957 non
583 2894 710 2957 videtur
730 2899 814 2956 recte
835 2893 958 2956 dictum
970 2895 1173 2974 -imperator
1194 2891 1287 2955 inici

231 2988 375 3068 legatum
397 2996 467 3072 post
486 2992 645 3072 principia
659 3023 681 3038 -
694 3036 703 3068 ,
717 3009 819 3070 neque
840 2991 886 3051 ita
905 2993 987 3052 alias
1007 2991 1152 3054 locutum
1171 2989 1285 3055 sarrs

232 3088 329 3149 stiunt
349 3090 521 3170 comperiop
537 3089 699 3151 diversum
719 3090 806 3150 enim
826 3086 954 3149 videtur
973 3086 1058 3166 qnod
1091 3086 1158 3150 Cot.
1180 3087 1228 3148 14.
1254 3087 1282 3148 1.

232 3183 442 3248 sit-eircnm
464 3206 498 3248 se
518 3187 707 3267 stipatorum
727 3189 872 3246 catervas
893 3183 1053 3260 iotoboi-
1065 3184 1150 3265 quod
1170 3183 1283 3261 signi-

231 3277 307 3340 iicat
326 3284 525 3348 circumdare
544 3285 616 3361 sibi,
636 3302 712 3348 oum
728 3281 867 3362 quadam
887 3281 1152 3344 demonstratione
1172 3285 1204 3342 et
1217 3299 1283 3341 non

232 3376 301 3438 siue
323 3382 528 3443 transtatione
538 3402 551 3458 ,·
572 3383 619 3443 ita
638 3385 670 3445 et
692 3379 806 3443 Cacsar
818 3377 857 3446 B·
874 3377 910 3442 (i.
925 3378 951 3439 l.
967 3379 1014 3440 18.
1029 3378 1068 3439 de
1081 3378 1283 3456 Dumnorige

232 3471 402 3554 imperium
424 3477 596 3539 affectante
616 3511 639 3526 -
661 3497 817 3558 magnum
837 3493 1006 3538 numerum
1034 3476 1196 3554 equitatus
1224 3492 1282 3536 suo

110 3603 116 3614 ·
231 3577 362 3652 sumptu
383 3591 507 3654 semper
526 3574 610 3636 alere
631 3580 662 3636 et
681 3578 803 3638 circum
817 3593 851 3636 se
865 3572 981 3635 habere
994 3605 1023 3632 -.
1037 3571 1166 3634 Rectius
1191 3572 1282 3634 vide-

230 3664 326 3729 batur
337 3668 470 3748 dictum,
491 3670 630 3735 Marium
644 3671 752 3733 iniero
767 3671 896 3754 (tenere,
910 3668 1032 3752 curare)
1052 3671 1281 3750 postprincipia

229 3768 261 3825 et
283 3765 442 3827 infinitivo
462 3769 574 3836 tubero
594 3768 805 3847 supplendum
824 3768 988 3831 -iubat-
1003 3771 1040 3827 ut
1063 3764 1130 3828 Cot.
1150 3765 1198 3828 59.
1219 3765 1247 3825 3.
1260 3795 1282 3813 ··

230 3859 263 3918 O.
283 3859 438 3927 Manlium
460 3870 497 3944 jn
520 3867 646 3937 dextra,
666 3862 880 3926 Faesulanum
901 3863 1071 3944 quemdam
1095 3864 1130 3924 in
1149 3863 1281 3924 sinistra

226 3961 313 4030 parte
333 3973 440 4029 curare
460 3967 556 4055 pappi
574 3995 609 4034 -‚
632 3961 708 4022 item
721 3959 793 4035 Iup.
815 3960 862 4022 57.
882 3961 930 4040 23
952 3962 1004 4025 rel
1024 3961 1195 4042 legendum
1215 3977 1280 4020 no·-

224 4050 332 4110 minati
337 4070 369 4112 ro
382 4087 402 4102 -
417 4067 453 4170 pp
472 4083 555 4162 ’,ωε
569 4059 688 4124 habere
700 4059 929 4140 postprincipia
940 4093 962 4106 -
975 4105 983 4135 ‚
997 4060 1081 4139 quod
1095 4057 1207 4120 suadet
1226 4073 1280 4116 re·-

219 4145 326 4225 Piil'il'O
348 4123 568 4306 Psopolzfflis
601 4157 690 4246 tpsp,
717 4175 808 4245 quae
836 4159 900 4225 iarn
931 4159 1140 4242 praecesserat
1171 4154 1278 4234 initi03
