<?xml version="1.0" encoding="UTF-8"?>
<!DOCTYPE html PUBLIC "-//W3C//DTD XHTML 1.0 Transitional//EN"
    "http://www.w3.org/TR/xhtml1/DTD/xhtml1-transitional.dtd">
<html xmlns="http://www.w3.org/1999/xhtml" xml:lang="en" lang="en">
 <head>
  <title>
</title>
<meta http-equiv="Content-Type" content="text/html;charset=utf-8" />
  <meta name='ocr-system' content='tesseract 3.04.00' />
  <meta name='ocr-capabilities' content='ocr_page ocr_carea ocr_par ocr_line ocrx_word'/>
</head>
<body>
  <div class='ocr_page' id='page_1' title='image "adgaisallustiic00ciofgoog_0025.png"; bbox 0 0 3322 5188; ppageno 0'>
   <div class='ocr_carea' id='block_1_1' title="bbox 829 548 983 614">
    <p class='ocr_par' dir='ltr' id='par_1_1' title="bbox 829 548 983 614">
     <span class='ocr_line' id='line_1_1' title="bbox 829 548 983 614; baseline -0.019 -17"><span class='ocrx_word' id='word_1_1' title='bbox 829 548 983 614; x_wconf 47' lang='lat'><strong>42..</strong></span> 
     </span>
    </p>
   </div>
   <div class='ocr_carea' id='block_1_2' title="bbox 382 681 1434 1156">
    <p class='ocr_par' dir='ltr' id='par_1_2' title="bbox 382 681 1434 1156">
     <span class='ocr_line' id='line_1_2' title="bbox 383 681 1432 766; baseline -0.008 -16"><span class='ocrx_word' id='word_1_2' title='bbox 383 689 431 750; x_wconf 87' lang='grc'><strong>33.</strong></span> <span class='ocrx_word' id='word_1_3' title='bbox 452 688 490 764; x_wconf 87' lang='grc'><strong>2.,</strong></span> <span class='ocrx_word' id='word_1_4' title='bbox 511 685 559 749; x_wconf 86' lang='grc'><strong>89.</strong></span> <span class='ocrx_word' id='word_1_5' title='bbox 580 687 607 749; x_wconf 88' lang='lat'><strong>5.</strong></span> <span class='ocrx_word' id='word_1_6' title='bbox 630 687 741 766; x_wconf 85' lang='lat' dir='ltr'><strong>Itaque</strong></span> <span class='ocrx_word' id='word_1_7' title='bbox 762 684 822 747; x_wconf 89' lang='lat' dir='ltr'><strong>hoo</strong></span> <span class='ocrx_word' id='word_1_8' title='bbox 835 685 903 746; x_wconf 88' lang='lat' dir='ltr'><strong>looo</strong></span> <span class='ocrx_word' id='word_1_9' title='bbox 918 717 940 728; x_wconf 94' lang='lat'>-</span> <span class='ocrx_word' id='word_1_10' title='bbox 955 699 1057 762; x_wconf 87' lang='lat' dir='ltr'><strong>neque</strong></span> <span class='ocrx_word' id='word_1_11' title='bbox 1070 681 1160 763; x_wconf 84' lang='lat' dir='ltr'><strong>copia</strong></span> <span class='ocrx_word' id='word_1_12' title='bbox 1173 699 1275 762; x_wconf 89' lang='lat' dir='ltr'><strong>neque</strong></span> <span class='ocrx_word' id='word_1_13' title='bbox 1289 681 1397 762; x_wconf 88' lang='lat' dir='ltr'><strong>inopia</strong></span> <span class='ocrx_word' id='word_1_14' title='bbox 1411 710 1432 728; x_wconf 87' lang='lat'><strong>··</strong></span> 
     </span>
     <span class='ocr_line' id='line_1_3' title="bbox 382 779 1434 863; baseline -0.008 -16"><span class='ocrx_word' id='word_1_15' title='bbox 382 786 467 848; x_wconf 90' lang='lat' dir='ltr'><strong>idom</strong></span> <span class='ocrx_word' id='word_1_16' title='bbox 489 790 537 847; x_wconf 88' lang='lat' dir='ltr'><strong>est</strong></span> <span class='ocrx_word' id='word_1_17' title='bbox 557 801 595 846; x_wconf 89' lang='lat' dir='ltr'><strong>ao</strong></span> <span class='ocrx_word' id='word_1_18' title='bbox 616 784 697 846; x_wconf 89' lang='lat' dir='ltr'><strong>illud</strong></span> <span class='ocrx_word' id='word_1_19' title='bbox 717 782 801 863; x_wconf 88' lang='lat' dir='ltr'><strong>quod</strong></span> <span class='ocrx_word' id='word_1_20' title='bbox 824 780 983 863; x_wconf 83' lang='lat' dir='ltr'><strong>praecedit</strong></span> <span class='ocrx_word' id='word_1_21' title='bbox 1000 813 1022 828; x_wconf 90' lang='lat'><strong>-·</strong></span> <span class='ocrx_word' id='word_1_22' title='bbox 1040 795 1160 858; x_wconf 76' lang='lat' dir='ltr'><strong>semper</strong></span> <span class='ocrx_word' id='word_1_23' title='bbox 1187 779 1393 854; x_wconf 83' lang='lat' dir='ltr'><strong>insatiabilis,</strong></span> <span class='ocrx_word' id='word_1_24' title='bbox 1412 809 1434 826; x_wconf 83' lang='lat'>-</span> 
     </span>
     <span class='ocr_line' id='line_1_4' title="bbox 383 875 1432 962; baseline -0.006 -18"><span class='ocrx_word' id='word_1_25' title='bbox 383 888 415 944; x_wconf 86' lang='lat' dir='ltr'><strong>et</strong></span> <span class='ocrx_word' id='word_1_26' title='bbox 434 883 519 962; x_wconf 90' lang='lat' dir='ltr'><strong>quod</strong></span> <span class='ocrx_word' id='word_1_27' title='bbox 539 884 586 944; x_wconf 85' lang='lat' dir='ltr'><strong>ait</strong></span> <span class='ocrx_word' id='word_1_28' title='bbox 604 881 718 942; x_wconf 79' lang='lat' dir='ltr'><strong>Horret.</strong></span> <span class='ocrx_word' id='word_1_29' title='bbox 738 879 844 958; x_wconf 79' lang='lat' dir='ltr'><strong>Epist.</strong></span> <span class='ocrx_word' id='word_1_30' title='bbox 866 878 893 938; x_wconf 94' lang='grc'><strong>1.</strong></span> <span class='ocrx_word' id='word_1_31' title='bbox 909 877 937 940; x_wconf 94' lang='grc'><strong>2.</strong></span> <span class='ocrx_word' id='word_1_32' title='bbox 952 877 1000 938; x_wconf 82' lang='grc'><strong>56.</strong></span> <span class='ocrx_word' id='word_1_33' title='bbox 1013 911 1033 922; x_wconf 91' lang='grc'><strong>-</strong></span> <span class='ocrx_word' id='word_1_34' title='bbox 1048 875 1176 954; x_wconf 77' lang='lat' dir='ltr'><strong>Semper</strong></span> <span class='ocrx_word' id='word_1_35' title='bbox 1187 893 1306 936; x_wconf 87' lang='lat' dir='ltr'><strong>evarus</strong></span> <span class='ocrx_word' id='word_1_36' title='bbox 1321 881 1394 954; x_wconf 85' lang='lat' dir='ltr'><strong>eget</strong></span> <span class='ocrx_word' id='word_1_37' title='bbox 1404 909 1432 950; x_wconf 91' lang='lat'><strong>-‚</strong></span> 
     </span>
     <span class='ocr_line' id='line_1_5' title="bbox 382 974 1434 1058; baseline -0.008 -16"><span class='ocrx_word' id='word_1_38' title='bbox 382 979 487 1058; x_wconf 80' lang='lat' dir='ltr'><strong>llpist.</strong></span> <span class='ocrx_word' id='word_1_39' title='bbox 516 978 543 1040; x_wconf 91' lang='grc'><strong>1.</strong></span> <span class='ocrx_word' id='word_1_40' title='bbox 565 978 613 1039; x_wconf 88' lang='lat'><strong>18.</strong></span> <span class='ocrx_word' id='word_1_41' title='bbox 632 977 680 1039; x_wconf 87' lang='lat'><strong>98.</strong></span> <span class='ocrx_word' id='word_1_42' title='bbox 703 1010 724 1024; x_wconf 88' lang='lat'><em>-</em></span> <span class='ocrx_word' id='word_1_43' title='bbox 750 977 796 1038; x_wconf 89' lang='lat' dir='ltr'><strong>Ne</strong></span> <span class='ocrx_word' id='word_1_44' title='bbox 823 979 854 1036; x_wconf 88' lang='lat' dir='ltr'><strong>te</strong></span> <span class='ocrx_word' id='word_1_45' title='bbox 878 983 997 1053; x_wconf 71' lang='lat' dir='ltr'><strong>semper</strong></span> <span class='ocrx_word' id='word_1_46' title='bbox 1028 974 1118 1054; x_wconf 85' lang='lat' dir='ltr'><strong>inops</strong></span> <span class='ocrx_word' id='word_1_47' title='bbox 1145 974 1247 1051; x_wconf 89' lang='lat' dir='ltr'><strong>agitet</strong></span> <span class='ocrx_word' id='word_1_48' title='bbox 1277 977 1434 1052; x_wconf 76' lang='lat' dir='ltr'>vexetque</span> 
     </span>
     <span class='ocr_line' id='line_1_6' title="bbox 382 1069 1433 1156; baseline -0.007 -19"><span class='ocrx_word' id='word_1_49' title='bbox 382 1075 497 1156; x_wconf 81' lang='lat' dir='ltr'><strong>cupido</strong></span> <span class='ocrx_word' id='word_1_50' title='bbox 516 1108 538 1123; x_wconf 87' lang='lat'><strong>·-</strong></span> <span class='ocrx_word' id='word_1_51' title='bbox 550 1075 698 1137; x_wconf 85' lang='lat' dir='ltr'><strong>Formam</strong></span> <span class='ocrx_word' id='word_1_52' title='bbox 712 1071 941 1153; x_wconf 81' lang='lat' dir='ltr'><strong>proverbialem</strong></span> <span class='ocrx_word' id='word_1_53' title='bbox 958 1072 992 1131; x_wconf 89' lang='lat' dir='ltr'><strong>iu</strong></span> <span class='ocrx_word' id='word_1_54' title='bbox 1014 1070 1198 1132; x_wconf 86' lang='lat' dir='ltr'><strong>huiusmodi</strong></span> <span class='ocrx_word' id='word_1_55' title='bbox 1220 1069 1433 1132; x_wconf 85' lang='lat' dir='ltr'><strong>locutionibus</strong></span> 
     </span>
    </p>
   </div>
   <div class='ocr_carea' id='block_1_3' title="bbox 254 1165 1402 1246">
    <p class='ocr_par' dir='ltr' id='par_1_3' title="bbox 254 1165 1402 1246">
     <span class='ocr_line' id='line_1_7' title="bbox 254 1165 1402 1246; baseline -0.01 -7"><span class='ocrx_word' id='word_1_56' title='bbox 254 1233 257 1239; x_wconf 88' lang='lat'><strong>.</strong></span> <span class='ocrx_word' id='word_1_57' title='bbox 382 1172 522 1235; x_wconf 86' lang='lat' dir='ltr'><strong>advertit</strong></span> <span class='ocrx_word' id='word_1_58' title='bbox 541 1172 686 1234; x_wconf 73' lang='lat' dir='ltr'><strong>Donatus</strong></span> <span class='ocrx_word' id='word_1_59' title='bbox 706 1170 747 1231; x_wconf 85' lang='lat' dir='ltr'><strong>ad</strong></span> <span class='ocrx_word' id='word_1_60' title='bbox 770 1167 842 1230; x_wconf 75' lang='lat' dir='ltr'><strong>Ter.</strong></span> <span class='ocrx_word' id='word_1_61' title='bbox 856 1167 955 1231; x_wconf 79' lang='lat' dir='ltr'><strong>Andr.</strong></span> <span class='ocrx_word' id='word_1_62' title='bbox 972 1168 997 1229; x_wconf 92' lang='lat' dir='ltr'><strong>l.</strong></span> <span class='ocrx_word' id='word_1_63' title='bbox 1012 1167 1040 1229; x_wconf 88' lang='grc'><strong>3.</strong></span> <span class='ocrx_word' id='word_1_64' title='bbox 1056 1167 1094 1242; x_wconf 87' lang='grc'><strong>9.,</strong></span> <span class='ocrx_word' id='word_1_65' title='bbox 1107 1165 1238 1246; x_wconf 77' lang='lat' dir='ltr'><strong>Adelph.</strong></span> <span class='ocrx_word' id='word_1_66' title='bbox 1256 1166 1285 1228; x_wconf 88' lang='lat'><strong>5.</strong></span> <span class='ocrx_word' id='word_1_67' title='bbox 1305 1166 1333 1227; x_wconf 90' lang='grc'><strong>9.</strong></span> <span class='ocrx_word' id='word_1_68' title='bbox 1354 1165 1402 1228; x_wconf 89' lang='grc'><strong>33.</strong></span> 
     </span>
    </p>
   </div>
   <div class='ocr_carea' id='block_1_4' title="bbox 381 1261 1434 1639">
    <p class='ocr_par' dir='ltr' id='par_1_4' title="bbox 381 1261 1434 1639">
     <span class='ocr_line' id='line_1_8' title="bbox 464 1261 1433 1346; baseline -0.005 -16"><span class='ocrx_word' id='word_1_69' title='bbox 464 1269 498 1330; x_wconf 83' lang='lat' dir='ltr'><strong>O.</strong></span> <span class='ocrx_word' id='word_1_70' title='bbox 520 1267 566 1330; x_wconf 93' lang='lat' dir='ltr'><strong>ll.</strong></span> <span class='ocrx_word' id='word_1_71' title='bbox 587 1267 615 1330; x_wconf 81' lang='lat'><strong>4.</strong></span> <span class='ocrx_word' id='word_1_72' title='bbox 638 1287 655 1326; x_wconf 92' lang='lat'>«</span> <span class='ocrx_word' id='word_1_73' title='bbox 676 1267 711 1329; x_wconf 92' lang='lat' dir='ltr'><strong>L.</strong></span> <span class='ocrx_word' id='word_1_74' title='bbox 727 1265 817 1330; x_wconf 79' lang='lat' dir='ltr'><strong>Sulla</strong></span> <span class='ocrx_word' id='word_1_75' title='bbox 837 1266 937 1326; x_wconf 84' lang='lat' dir='ltr'><strong>armis</strong></span> <span class='ocrx_word' id='word_1_76' title='bbox 958 1270 1082 1346; x_wconf 83' lang='lat' dir='ltr'><strong>recepta</strong></span> <span class='ocrx_word' id='word_1_77' title='bbox 1103 1264 1300 1345; x_wconf 76' lang='lat' dir='ltr'><strong>raphonis</strong></span> <span class='ocrx_word' id='word_1_78' title='bbox 1328 1261 1433 1325; x_wconf 86' lang='lat' dir='ltr'><strong>initiis</strong></span> 
     </span>
     <span class='ocr_line' id='line_1_9' title="bbox 383 1360 1434 1450; baseline -0.007 -22"><span class='ocrx_word' id='word_1_79' title='bbox 383 1366 482 1428; x_wconf 86' lang='lat' dir='ltr'><strong>malos</strong></span> <span class='ocrx_word' id='word_1_80' title='bbox 503 1370 636 1428; x_wconf 86' lang='lat' dir='ltr'><strong>eventus</strong></span> <span class='ocrx_word' id='word_1_81' title='bbox 657 1364 809 1450; x_wconf 81' lang='lat' dir='ltr'><strong>habuit...‚</strong></span> <span class='ocrx_word' id='word_1_82' title='bbox 831 1381 939 1444; x_wconf 88' lang='lat' dir='ltr'><strong>rapere</strong></span> <span class='ocrx_word' id='word_1_83' title='bbox 953 1379 1073 1438; x_wconf 89' lang='lat' dir='ltr'><strong>omnes,</strong></span> <span class='ocrx_word' id='word_1_84' title='bbox 1086 1361 1211 1425; x_wconf 87' lang='lat' dir='ltr'><strong>trahere</strong></span> <span class='ocrx_word' id='word_1_85' title='bbox 1225 1367 1284 1424; x_wconf 89' lang='lat' dir='ltr'><strong>eto.</strong></span> <span class='ocrx_word' id='word_1_86' title='bbox 1298 1360 1346 1424; x_wconf 90' lang='lat' dir='ltr'><strong>Ibi</strong></span> <span class='ocrx_word' id='word_1_87' title='bbox 1356 1361 1434 1439; x_wconf 70' lang='lat' dir='ltr'><strong>pri-</strong></span> 
     </span>
     <span class='ocr_line' id='line_1_10' title="bbox 381 1445 1433 1544; baseline -0.004 -21"><span class='ocrx_word' id='word_1_88' title='bbox 381 1445 498 1544; x_wconf 58' lang='lat' dir='ltr'><strong>mom&#39;(</strong></span> <span class='ocrx_word' id='word_1_89' title='bbox 512 1462 545 1524; x_wconf 91' lang='lat' dir='ltr'><strong>in</strong></span> <span class='ocrx_word' id='word_1_90' title='bbox 566 1460 665 1544; x_wconf 85' lang='lat' dir='ltr'><strong>Asia)</strong></span> <span class='ocrx_word' id='word_1_91' title='bbox 686 1462 829 1524; x_wconf 74' lang='lat' dir='ltr'><strong>insuevit</strong></span> <span class='ocrx_word' id='word_1_92' title='bbox 849 1460 1007 1524; x_wconf 84' lang='lat' dir='ltr'><strong>exercitus</strong></span> <span class='ocrx_word' id='word_1_93' title='bbox 1035 1459 1143 1540; x_wconf 90' lang='lat' dir='ltr'><strong>populi</strong></span> <span class='ocrx_word' id='word_1_94' title='bbox 1166 1457 1201 1520; x_wconf 87' lang='lat' dir='ltr'><strong>R.</strong></span> <span class='ocrx_word' id='word_1_95' title='bbox 1224 1477 1350 1534; x_wconf 88' lang='lat' dir='ltr'><strong>amare,</strong></span> <span class='ocrx_word' id='word_1_96' title='bbox 1369 1475 1433 1538; x_wconf 86' lang='lat' dir='ltr'><strong>po-</strong></span> 
     </span>
     <span class='ocr_line' id='line_1_11' title="bbox 382 1551 1433 1639; baseline -0.006 -17"><span class='ocrx_word' id='word_1_97' title='bbox 382 1567 462 1636; x_wconf 80' lang='lat' dir='ltr'><strong>tere,</strong></span> <span class='ocrx_word' id='word_1_98' title='bbox 476 1562 572 1639; x_wconf 86' lang='lat' dir='ltr'><strong>signa</strong></span> <span class='ocrx_word' id='word_1_99' title='bbox 585 1559 712 1623; x_wconf 82' lang='lat' dir='ltr'><strong>tabulas</strong></span> <span class='ocrx_word' id='word_1_100' title='bbox 732 1559 836 1638; x_wconf 85' lang='lat' dir='ltr'><strong>pietas</strong></span> <span class='ocrx_word' id='word_1_101' title='bbox 857 1557 935 1619; x_wconf 84' lang='lat' dir='ltr'><strong>vasa</strong></span> <span class='ocrx_word' id='word_1_102' title='bbox 954 1558 1078 1620; x_wconf 85' lang='lat' dir='ltr'><strong>coelata</strong></span> <span class='ocrx_word' id='word_1_103' title='bbox 1092 1557 1216 1632; x_wconf 87' lang='lat' dir='ltr'><strong>mirari,</strong></span> <span class='ocrx_word' id='word_1_104' title='bbox 1229 1551 1270 1619; x_wconf 80' lang='lat' dir='ltr'><strong>ea</strong></span> <span class='ocrx_word' id='word_1_105' title='bbox 1281 1556 1433 1636; x_wconf 86' lang='lat' dir='ltr'><strong>privatim</strong></span> 
     </span>
    </p>
   </div>
   <div class='ocr_carea' id='block_1_5' title="bbox 382 1643 1531 1737">
    <p class='ocr_par' dir='ltr' id='par_1_5' title="bbox 382 1643 1531 1737">
     <span class='ocr_line' id='line_1_12' title="bbox 382 1643 1531 1737; baseline -0.007 -19"><span class='ocrx_word' id='word_1_106' title='bbox 382 1673 420 1718; x_wconf 88' lang='lat' dir='ltr'><strong>ao</strong></span> <span class='ocrx_word' id='word_1_107' title='bbox 443 1657 571 1737; x_wconf 86' lang='lat' dir='ltr'><strong>publiea</strong></span> <span class='ocrx_word' id='word_1_108' title='bbox 598 1673 705 1735; x_wconf 88' lang='lat' dir='ltr'><strong>rapere</strong></span> <span class='ocrx_word' id='word_1_109' title='bbox 733 1658 791 1716; x_wconf 88' lang='lat' dir='ltr'><strong>eto.</strong></span> <span class='ocrx_word' id='word_1_110' title='bbox 820 1687 843 1700; x_wconf 91' lang='lat'>-</span> <span class='ocrx_word' id='word_1_111' title='bbox 865 1653 911 1714; x_wconf 81' lang='lat' dir='ltr'><strong>Ol.</strong></span> <span class='ocrx_word' id='word_1_112' title='bbox 938 1654 1052 1715; x_wconf 74' lang='lat' dir='ltr'><strong>Allan.</strong></span> <span class='ocrx_word' id='word_1_113' title='bbox 1075 1643 1173 1732; x_wconf 80' lang='lat' dir='ltr'><strong>Dip&#39;rr.</strong></span> <span class='ocrx_word' id='word_1_114' title='bbox 1195 1651 1224 1714; x_wconf 78' lang='lat' dir='ltr'><strong>t.</strong></span> <span class='ocrx_word' id='word_1_115' title='bbox 1244 1653 1282 1716; x_wconf 90' lang='grc'><strong>21</strong></span> <span class='ocrx_word' id='word_1_116' title='bbox 1295 1651 1356 1728; x_wconf 80' lang='lat' dir='ltr'><strong>sto.</strong></span> <span class='ocrx_word' id='word_1_117' title='bbox 1377 1651 1433 1715; x_wconf 92' lang='lat' dir='ltr'><strong>ubi</strong></span> <span class='ocrx_word' id='word_1_118' title='bbox 1462 1669 1467 1675; x_wconf 84' lang='lat'><strong>·</strong></span> <span class='ocrx_word' id='word_1_119' title='bbox 1512 1696 1531 1710; x_wconf 62' lang='grc'><strong>.</strong></span> 
     </span>
    </p>
   </div>
   <div class='ocr_carea' id='block_1_6' title="bbox 371 1748 1445 4268">
    <p class='ocr_par' dir='ltr' id='par_1_6' title="bbox 371 1748 1445 2121">
     <span class='ocr_line' id='line_1_13' title="bbox 381 1748 1435 1830; baseline -0.006 -14"><span class='ocrx_word' id='word_1_120' title='bbox 381 1753 537 1816; x_wconf 77' lang='lat' dir='ltr'><strong>Lucullus</strong></span> <span class='ocrx_word' id='word_1_121' title='bbox 558 1753 678 1814; x_wconf 88' lang='lat' dir='ltr'><strong>dieitur</strong></span> <span class='ocrx_word' id='word_1_122' title='bbox 692 1751 820 1830; x_wconf 81' lang='lat' dir='ltr'><strong>primos</strong></span> <span class='ocrx_word' id='word_1_123' title='bbox 841 1751 1006 1814; x_wconf 83' lang='lat' dir='ltr'><strong>invexisse</strong></span> <span class='ocrx_word' id='word_1_124' title='bbox 1028 1751 1159 1812; x_wconf 88' lang='lat' dir='ltr'><strong>Romam</strong></span> <span class='ocrx_word' id='word_1_125' title='bbox 1176 1750 1307 1812; x_wconf 85' lang='lat' dir='ltr'><strong>delicias</strong></span> <span class='ocrx_word' id='word_1_126' title='bbox 1323 1753 1355 1811; x_wconf 89' lang='lat' dir='ltr'><strong>et</strong></span> <span class='ocrx_word' id='word_1_127' title='bbox 1368 1748 1435 1810; x_wconf 87' lang='lat' dir='ltr'><strong>im-</strong></span> 
     </span>
     <span class='ocr_line' id='line_1_14' title="bbox 371 1848 1445 1929; baseline -0.005 -17"><span class='ocrx_word' id='word_1_128' title='bbox 371 1850 522 1929; x_wconf 84' lang='lat' dir='ltr'><strong>modicos</strong></span> <span class='ocrx_word' id='word_1_129' title='bbox 543 1855 690 1928; x_wconf 87' lang='lat' dir='ltr'><strong>sumptus</strong></span> <span class='ocrx_word' id='word_1_130' title='bbox 710 1855 781 1928; x_wconf 91' lang='lat' dir='ltr'><strong>post</strong></span> <span class='ocrx_word' id='word_1_131' title='bbox 807 1848 999 1910; x_wconf 87' lang='lat' dir='ltr'><strong>debellatum</strong></span> <span class='ocrx_word' id='word_1_132' title='bbox 1026 1848 1245 1911; x_wconf 79' lang='lat' dir='ltr'><strong>Mithridatem</strong></span> <span class='ocrx_word' id='word_1_133' title='bbox 1272 1852 1303 1909; x_wconf 89' lang='lat' dir='ltr'><strong>et</strong></span> <span class='ocrx_word' id='word_1_134' title='bbox 1322 1851 1445 1908; x_wconf 58' lang='lat' dir='ltr'><strong>aetum&gt;</strong></span> 
     </span>
     <span class='ocr_line' id='line_1_15' title="bbox 383 1943 1444 2026; baseline -0.005 -19"><span class='ocrx_word' id='word_1_135' title='bbox 383 1946 585 2026; x_wconf 90' lang='lat' dir='ltr'><strong>triumphum</strong></span> <span class='ocrx_word' id='word_1_136' title='bbox 600 1946 639 2009; x_wconf 90' lang='lat' dir='ltr'><strong>de</strong></span> <span class='ocrx_word' id='word_1_137' title='bbox 653 1965 688 2009; x_wconf 90' lang='lat' dir='ltr'><strong>eo</strong></span> <span class='ocrx_word' id='word_1_138' title='bbox 706 1946 789 2008; x_wconf 90' lang='lat' dir='ltr'><strong>etde</strong></span> <span class='ocrx_word' id='word_1_139' title='bbox 811 1946 959 2024; x_wconf 81' lang='lat' dir='ltr'><strong>Tigrane,</strong></span> <span class='ocrx_word' id='word_1_140' title='bbox 971 1946 1035 2008; x_wconf 66' lang='lat' dir='ltr'><strong>&#39;non</strong></span> <span class='ocrx_word' id='word_1_141' title='bbox 1049 1948 1119 2008; x_wconf 86' lang='lat' dir='ltr'><strong>sino</strong></span> <span class='ocrx_word' id='word_1_142' title='bbox 1136 1945 1240 2007; x_wconf 87' lang='lat' dir='ltr'><strong>multa</strong></span> <span class='ocrx_word' id='word_1_143' title='bbox 1257 1943 1444 2025; x_wconf 86' lang='lat' dir='ltr'><strong>repreheu-.</strong></span> 
     </span>
     <span class='ocr_line' id='line_1_16' title="bbox 383 2042 1174 2121; baseline -0.003 -15"><span class='ocrx_word' id='word_1_144' title='bbox 383 2044 472 2106; x_wconf 85' lang='lat' dir='ltr'><strong>sione</strong></span> <span class='ocrx_word' id='word_1_145' title='bbox 493 2043 631 2119; x_wconf 84' lang='lat' dir='ltr'><strong>Catonis,</strong></span> <span class='ocrx_word' id='word_1_146' title='bbox 653 2049 690 2105; x_wconf 88' lang='lat' dir='ltr'><strong>ut</strong></span> <span class='ocrx_word' id='word_1_147' title='bbox 710 2045 756 2105; x_wconf 89' lang='lat' dir='ltr'><strong>ait</strong></span> <span class='ocrx_word' id='word_1_148' title='bbox 775 2042 923 2121; x_wconf 65' lang='lat' dir='ltr'><strong>Polybius</strong></span> <span class='ocrx_word' id='word_1_149' title='bbox 944 2043 996 2104; x_wconf 79' lang='lat' dir='ltr'><strong>llb.</strong></span> <span class='ocrx_word' id='word_1_150' title='bbox 1016 2043 1065 2106; x_wconf 84' lang='lat'><strong>31.</strong></span> <span class='ocrx_word' id='word_1_151' title='bbox 1085 2043 1174 2105; x_wconf 74' lang='lat' dir='ltr'><strong>Hirr.</strong></span> 
     </span>
    </p>

    <p class='ocr_par' dir='ltr' id='par_1_7' title="bbox 383 2137 1445 3779">
     <span class='ocr_line' id='line_1_17' title="bbox 463 2137 1435 2223; baseline -0.004 -21"><span class='ocrx_word' id='word_1_152' title='bbox 463 2139 497 2202; x_wconf 82' lang='lat'><strong>0.</strong></span> <span class='ocrx_word' id='word_1_153' title='bbox 520 2139 566 2201; x_wconf 91' lang='lat' dir='ltr'><strong>ll.</strong></span> <span class='ocrx_word' id='word_1_154' title='bbox 587 2139 616 2202; x_wconf 84' lang='lat'><strong>5.</strong></span> <span class='ocrx_word' id='word_1_155' title='bbox 633 2159 650 2199; x_wconf 87' lang='lat'>«</span> <span class='ocrx_word' id='word_1_156' title='bbox 664 2141 712 2202; x_wconf 88' lang='lat' dir='ltr'><strong>Ea</strong></span> <span class='ocrx_word' id='word_1_157' title='bbox 726 2141 877 2221; x_wconf 83' lang='lat' dir='ltr'><strong>pri-vatim</strong></span> <span class='ocrx_word' id='word_1_158' title='bbox 899 2145 929 2204; x_wconf 88' lang='lat' dir='ltr'><strong>et</strong></span> <span class='ocrx_word' id='word_1_159' title='bbox 949 2140 1076 2223; x_wconf 85' lang='lat' dir='ltr'><strong>publice</strong></span> <span class='ocrx_word' id='word_1_160' title='bbox 1090 2159 1229 2221; x_wconf 80' lang='lat' dir='ltr'><strong>rapere»</strong></span> <span class='ocrx_word' id='word_1_161' title='bbox 1244 2140 1334 2202; x_wconf 88' lang='lat' dir='ltr'><strong>Duae</strong></span> <span class='ocrx_word' id='word_1_162' title='bbox 1350 2137 1435 2199; x_wconf 79' lang='lat' dir='ltr'><strong>dan-</strong></span> 
     </span>
     <span class='ocr_line' id='line_1_18' title="bbox 383 2234 1434 2318; baseline -0.006 -18"><span class='ocrx_word' id='word_1_163' title='bbox 383 2243 438 2300; x_wconf 87' lang='lat' dir='ltr'><strong>tur</strong></span> <span class='ocrx_word' id='word_1_164' title='bbox 461 2237 751 2317; x_wconf 84' lang='lat' dir='ltr'><strong>interpretationas3</strong></span> <span class='ocrx_word' id='word_1_165' title='bbox 772 2239 879 2314; x_wconf 87' lang='lat' dir='ltr'><strong>altera,</strong></span> <span class='ocrx_word' id='word_1_166' title='bbox 894 2239 1040 2318; x_wconf 74' lang='lat' dir='ltr'><strong>privator</strong></span> <span class='ocrx_word' id='word_1_167' title='bbox 1060 2239 1264 2317; x_wconf 70' lang='lat' dir='ltr'><strong>ciuitatesque</strong></span> <span class='ocrx_word' id='word_1_168' title='bbox 1284 2238 1329 2300; x_wconf 78' lang='lat' dir='ltr'><strong>iis</strong></span> <span class='ocrx_word' id='word_1_169' title='bbox 1343 2234 1434 2298; x_wconf 82' lang='lat' dir='ltr'><strong>relos</strong></span> 
     </span>
     <span class='ocr_line' id='line_1_19' title="bbox 383 2333 1433 2417; baseline -0.002 -21"><span class='ocrx_word' id='word_1_170' title='bbox 383 2333 530 2416; x_wconf 77' lang='lat' dir='ltr'><strong>spoliare,</strong></span> <span class='ocrx_word' id='word_1_171' title='bbox 548 2335 658 2412; x_wconf 88' lang='lat' dir='ltr'><strong>altera,</strong></span> <span class='ocrx_word' id='word_1_172' title='bbox 670 2336 833 2417; x_wconf 84' lang='lat' dir='ltr'><strong>privatim,</strong></span> <span class='ocrx_word' id='word_1_173' title='bbox 847 2338 1021 2415; x_wconf 79' lang='lat' dir='ltr'><strong>olpriroto</strong></span> <span class='ocrx_word' id='word_1_174' title='bbox 1035 2337 1144 2414; x_wconf 78' lang='lat' dir='ltr'><strong>coique</strong></span> <span class='ocrx_word' id='word_1_175' title='bbox 1158 2334 1281 2408; x_wconf 76' lang='lat' dir='ltr'><strong>libebat,</strong></span> <span class='ocrx_word' id='word_1_176' title='bbox 1297 2334 1433 2414; x_wconf 81' lang='lat' dir='ltr'><strong>publice,</strong></span> 
     </span>
     <span class='ocr_line' id='line_1_20' title="bbox 383 2435 1445 2514; baseline -0.004 -16"><span class='ocrx_word' id='word_1_177' title='bbox 383 2435 434 2498; x_wconf 80' lang='lat' dir='ltr'><strong>rel</strong></span> <span class='ocrx_word' id='word_1_178' title='bbox 446 2451 481 2514; x_wconf 80' lang='lat' dir='ltr'><strong>p.</strong></span> <span class='ocrx_word' id='word_1_179' title='bbox 500 2436 625 2497; x_wconf 78' lang='lat' dir='ltr'><strong>reornioe</strong></span> <span class='ocrx_word' id='word_1_180' title='bbox 636 2457 648 2512; x_wconf 92' lang='lat'><strong>,·</strong></span> <span class='ocrx_word' id='word_1_181' title='bbox 670 2437 802 2498; x_wconf 86' lang='lat' dir='ltr'><strong>fortasse</strong></span> <span class='ocrx_word' id='word_1_182' title='bbox 823 2437 940 2496; x_wconf 87' lang='lat' dir='ltr'><strong>rectius</strong></span> <span class='ocrx_word' id='word_1_183' title='bbox 961 2439 1010 2496; x_wconf 86' lang='lat' dir='ltr'><strong>est</strong></span> <span class='ocrx_word' id='word_1_184' title='bbox 1031 2435 1211 2514; x_wconf 87' lang='lat' dir='ltr'><strong>intelligere</strong></span> <span class='ocrx_word' id='word_1_185' title='bbox 1225 2435 1353 2513; x_wconf 77' lang='lat' dir='ltr'><strong>priuato</strong></span> <span class='ocrx_word' id='word_1_186' title='bbox 1369 2450 1445 2494; x_wconf 83' lang='lat' dir='ltr'><strong>oo·-</strong></span> 
     </span>
     <span class='ocr_line' id='line_1_21' title="bbox 383 2529 1434 2612; baseline -0.001 -19"><span class='ocrx_word' id='word_1_187' title='bbox 383 2533 468 2594; x_wconf 79' lang='lat' dir='ltr'><strong>mioe</strong></span> <span class='ocrx_word' id='word_1_188' title='bbox 489 2537 521 2592; x_wconf 81' lang='lat' dir='ltr'><strong>et</strong></span> <span class='ocrx_word' id='word_1_189' title='bbox 535 2531 684 2610; x_wconf 81' lang='lat' dir='ltr'><strong>pullioo;</strong></span> <span class='ocrx_word' id='word_1_190' title='bbox 709 2531 813 2594; x_wconf 80' lang='lat' dir='ltr'><strong>Cicero</strong></span> <span class='ocrx_word' id='word_1_191' title='bbox 835 2531 872 2593; x_wconf 77' lang='lat' dir='ltr'><strong>cle</strong></span> <span class='ocrx_word' id='word_1_192' title='bbox 900 2531 993 2596; x_wconf 80' lang='lat' dir='ltr'><strong>Verre</strong></span> <span class='ocrx_word' id='word_1_193' title='bbox 1012 2531 1081 2593; x_wconf 83' lang='lat' dir='ltr'><strong>Aet.</strong></span> <span class='ocrx_word' id='word_1_194' title='bbox 1103 2532 1132 2594; x_wconf 87' lang='grc'><strong>4</strong></span> <span class='ocrx_word' id='word_1_195' title='bbox 1147 2533 1319 2612; x_wconf 68' lang='lat' dir='ltr'><strong>priuauit</strong></span> <span class='ocrx_word' id='word_1_196' title='bbox 1332 2565 1354 2578; x_wconf 92' lang='lat'>-</span> <span class='ocrx_word' id='word_1_197' title='bbox 1368 2529 1434 2592; x_wconf 85' lang='lat' dir='ltr'><strong>Ne-</strong></span> 
     </span>
     <span class='ocr_line' id='line_1_22' title="bbox 384 2628 1434 2710; baseline -0.003 -19"><span class='ocrx_word' id='word_1_198' title='bbox 384 2629 466 2691; x_wconf 90' lang='lat' dir='ltr'><strong>mini</strong></span> <span class='ocrx_word' id='word_1_199' title='bbox 491 2628 583 2691; x_wconf 84' lang='lat' dir='ltr'><strong>video</strong></span> <span class='ocrx_word' id='word_1_200' title='bbox 608 2628 741 2691; x_wconf 89' lang='lat' dir='ltr'><strong>dubium</strong></span> <span class='ocrx_word' id='word_1_201' title='bbox 768 2647 838 2692; x_wconf 90' lang='lat' dir='ltr'><strong>esse</strong></span> <span class='ocrx_word' id='word_1_202' title='bbox 864 2630 943 2710; x_wconf 90' lang='lat' dir='ltr'><strong>quin</strong></span> <span class='ocrx_word' id='word_1_203' title='bbox 971 2630 1170 2710; x_wconf 81' lang='lat' dir='ltr'><strong>apertissime</strong></span> <span class='ocrx_word' id='word_1_204' title='bbox 1199 2629 1232 2691; x_wconf 85' lang='lat' dir='ltr'><strong>(l.</strong></span> <span class='ocrx_word' id='word_1_205' title='bbox 1253 2629 1369 2691; x_wconf 87' lang='lat' dir='ltr'><strong>Verres</strong></span> <span class='ocrx_word' id='word_1_206' title='bbox 1399 2628 1434 2689; x_wconf 91' lang='lat' dir='ltr'><strong>in</strong></span> 
     </span>
     <span class='ocr_line' id='line_1_23' title="bbox 386 2725 1435 2806; baseline -0.001 -18"><span class='ocrx_word' id='word_1_207' title='bbox 386 2726 501 2789; x_wconf 85' lang='lat' dir='ltr'><strong>Sicilia</strong></span> <span class='ocrx_word' id='word_1_208' title='bbox 522 2743 613 2789; x_wconf 87' lang='lat' dir='ltr'><strong>saera</strong></span> <span class='ocrx_word' id='word_1_209' title='bbox 632 2727 826 2806; x_wconf 80' lang='lat' dir='ltr'><strong>profaneque</strong></span> <span class='ocrx_word' id='word_1_210' title='bbox 845 2727 952 2789; x_wconf 87' lang='lat' dir='ltr'><strong>omnia</strong></span> <span class='ocrx_word' id='word_1_211' title='bbox 972 2728 1168 2805; x_wconf 79' lang='lat' dir='ltr'><strong>etpriootim</strong></span> <span class='ocrx_word' id='word_1_212' title='bbox 1182 2725 1343 2806; x_wconf 76' lang='lat' dir='ltr'><strong>etpolllre</strong></span> <span class='ocrx_word' id='word_1_213' title='bbox 1359 2743 1435 2806; x_wconf 85' lang='lat' dir='ltr'><strong>spo-</strong></span> 
     </span>
     <span class='ocr_line' id='line_1_24' title="bbox 383 2824 1434 2905; baseline -0.004 -18"><span class='ocrx_word' id='word_1_214' title='bbox 383 2825 474 2887; x_wconf 82' lang='lat' dir='ltr'><strong>liarit</strong></span> <span class='ocrx_word' id='word_1_215' title='bbox 494 2857 516 2870; x_wconf 95' lang='lat'>-</span> <span class='ocrx_word' id='word_1_216' title='bbox 537 2824 663 2886; x_wconf 83' lang='lat' dir='ltr'><strong>scilicet</strong></span> <span class='ocrx_word' id='word_1_217' title='bbox 683 2828 714 2886; x_wconf 90' lang='lat' dir='ltr'><strong>et</strong></span> <span class='ocrx_word' id='word_1_218' title='bbox 730 2824 856 2903; x_wconf 80' lang='lat' dir='ltr'><strong>privato</strong></span> <span class='ocrx_word' id='word_1_219' title='bbox 877 2825 999 2886; x_wconf 77' lang='lat' dir='ltr'><strong>nomine</strong></span> <span class='ocrx_word' id='word_1_220' title='bbox 1012 2843 1067 2905; x_wconf 89' lang='lat' dir='ltr'><strong>par</strong></span> <span class='ocrx_word' id='word_1_221' title='bbox 1080 2825 1198 2886; x_wconf 85' lang='lat' dir='ltr'><strong>amieos</strong></span> <span class='ocrx_word' id='word_1_222' title='bbox 1212 2830 1308 2904; x_wconf 86' lang='lat' dir='ltr'><strong>atque</strong></span> <span class='ocrx_word' id='word_1_223' title='bbox 1328 2825 1434 2886; x_wconf 88' lang='lat' dir='ltr'><strong>inter·-</strong></span> 
     </span>
     <span class='ocr_line' id='line_1_25' title="bbox 383 2921 1434 3004; baseline 0 -21"><span class='ocrx_word' id='word_1_224' title='bbox 383 2925 487 3004; x_wconf 86' lang='lat' dir='ltr'><strong>pretes</strong></span> <span class='ocrx_word' id='word_1_225' title='bbox 507 2922 663 2996; x_wconf 83' lang='lat' dir='ltr'><strong>auferens,</strong></span> <span class='ocrx_word' id='word_1_226' title='bbox 683 2928 740 2982; x_wconf 88' lang='lat' dir='ltr'><strong>aut</strong></span> <span class='ocrx_word' id='word_1_227' title='bbox 754 2921 906 2983; x_wconf 87' lang='lat' dir='ltr'><strong>simulata</strong></span> <span class='ocrx_word' id='word_1_228' title='bbox 920 2923 1078 3003; x_wconf 82' lang='lat' dir='ltr'><strong>emptione</strong></span> <span class='ocrx_word' id='word_1_229' title='bbox 1091 2929 1122 2986; x_wconf 90' lang='lat' dir='ltr'><strong>et</strong></span> <span class='ocrx_word' id='word_1_230' title='bbox 1135 2942 1190 3002; x_wconf 90' lang='lat' dir='ltr'><strong>per</strong></span> <span class='ocrx_word' id='word_1_231' title='bbox 1204 2923 1356 2984; x_wconf 90' lang='lat' dir='ltr'><strong>iniuriam</strong></span> <span class='ocrx_word' id='word_1_232' title='bbox 1371 2921 1434 2984; x_wconf 88' lang='lat' dir='ltr'><strong>sibi</strong></span> 
     </span>
     <span class='ocr_line' id='line_1_26' title="bbox 385 3019 1435 3100; baseline -0.001 -20"><span class='ocrx_word' id='word_1_233' title='bbox 385 3036 541 3098; x_wconf 87' lang='lat' dir='ltr'><strong>quaerens</strong></span> <span class='ocrx_word' id='word_1_234' title='bbox 551 3037 560 3097; x_wconf 91' lang='lat'>;</span> <span class='ocrx_word' id='word_1_235' title='bbox 581 3020 633 3082; x_wconf 81' lang='lat' dir='ltr'><strong>vel</strong></span> <span class='ocrx_word' id='word_1_236' title='bbox 653 3019 749 3081; x_wconf 87' lang='lat' dir='ltr'><strong>etiam</strong></span> <span class='ocrx_word' id='word_1_237' title='bbox 771 3036 862 3100; x_wconf 81' lang='lat' dir='ltr'><strong>saepe</strong></span> <span class='ocrx_word' id='word_1_238' title='bbox 875 3020 1005 3100; x_wconf 83' lang='lat' dir='ltr'><strong>publica</strong></span> <span class='ocrx_word' id='word_1_239' title='bbox 1023 3021 1210 3082; x_wconf 84' lang='lat' dir='ltr'><strong>auctoritate</strong></span> <span class='ocrx_word' id='word_1_240' title='bbox 1224 3019 1435 3097; x_wconf 81' lang='lat' dir='ltr'><strong>Magistratus</strong></span> 
     </span>
     <span class='ocr_line' id='line_1_27' title="bbox 384 3115 1435 3197; baseline -0.001 -20"><span class='ocrx_word' id='word_1_241' title='bbox 384 3135 440 3197; x_wconf 87' lang='lat' dir='ltr'><strong>per</strong></span> <span class='ocrx_word' id='word_1_242' title='bbox 460 3117 572 3196; x_wconf 90' lang='lat' dir='ltr'><strong>iniqua</strong></span> <span class='ocrx_word' id='word_1_243' title='bbox 592 3117 730 3191; x_wconf 85' lang='lat' dir='ltr'><strong>iudicia,</strong></span> <span class='ocrx_word' id='word_1_244' title='bbox 751 3122 787 3178; x_wconf 89' lang='lat' dir='ltr'><strong>ut</strong></span> <span class='ocrx_word' id='word_1_245' title='bbox 806 3122 892 3196; x_wconf 85' lang='lat' dir='ltr'><strong>patet</strong></span> <span class='ocrx_word' id='word_1_246' title='bbox 912 3137 953 3180; x_wconf 84' lang='lat' dir='ltr'><strong>ex</strong></span> <span class='ocrx_word' id='word_1_247' title='bbox 974 3123 1039 3180; x_wconf 84' lang='lat' dir='ltr'><strong>toto</strong></span> <span class='ocrx_word' id='word_1_248' title='bbox 1057 3116 1127 3179; x_wconf 79' lang='lat' dir='ltr'><strong>Aet.</strong></span> <span class='ocrx_word' id='word_1_249' title='bbox 1152 3115 1240 3190; x_wconf 86' lang='lat' dir='ltr'><strong>Quod</strong></span> <span class='ocrx_word' id='word_1_250' title='bbox 1261 3135 1334 3178; x_wconf 85' lang='lat' dir='ltr'><strong>vero</strong></span> <span class='ocrx_word' id='word_1_251' title='bbox 1360 3115 1435 3196; x_wconf 87' lang='lat' dir='ltr'><strong>pri·-</strong></span> 
     </span>
     <span class='ocr_line' id='line_1_28' title="bbox 385 3213 1434 3294; baseline -0.002 -18"><span class='ocrx_word' id='word_1_252' title='bbox 385 3214 486 3276; x_wconf 81' lang='lat' dir='ltr'><strong>vatim</strong></span> <span class='ocrx_word' id='word_1_253' title='bbox 509 3218 566 3274; x_wconf 90' lang='lat' dir='ltr'><strong>aut</strong></span> <span class='ocrx_word' id='word_1_254' title='bbox 578 3214 705 3294; x_wconf 81' lang='lat' dir='ltr'><strong>publice</strong></span> <span class='ocrx_word' id='word_1_255' title='bbox 719 3215 848 3290; x_wconf 83' lang='lat' dir='ltr'><strong>fautum,</strong></span> <span class='ocrx_word' id='word_1_256' title='bbox 864 3215 992 3276; x_wconf 82' lang='lat' dir='ltr'><strong>haerent</strong></span> <span class='ocrx_word' id='word_1_257' title='bbox 1006 3216 1036 3277; x_wconf 91' lang='lat' dir='ltr'><strong>ei</strong></span> <span class='ocrx_word' id='word_1_258' title='bbox 1051 3216 1106 3293; x_wconf 91' lang='lat' dir='ltr'><strong>qui</strong></span> <span class='ocrx_word' id='word_1_259' title='bbox 1121 3217 1167 3278; x_wconf 86' lang='lat' dir='ltr'><strong>ita</strong></span> <span class='ocrx_word' id='word_1_260' title='bbox 1181 3216 1293 3277; x_wconf 82' lang='lat' dir='ltr'><strong>fecisse</strong></span> <span class='ocrx_word' id='word_1_261' title='bbox 1306 3213 1434 3292; x_wconf 50' lang='lat' dir='ltr'><strong>dicitu}</strong></span> 
     </span>
     <span class='ocr_line' id='line_1_29' title="bbox 385 3309 1436 3398; baseline 0 -26"><span class='ocrx_word' id='word_1_262' title='bbox 385 3309 460 3373; x_wconf 81' lang='lat' dir='ltr'><strong>vide</strong></span> <span class='ocrx_word' id='word_1_263' title='bbox 481 3311 515 3371; x_wconf 88' lang='lat' dir='ltr'><strong>in</strong></span> <span class='ocrx_word' id='word_1_264' title='bbox 540 3309 636 3372; x_wconf 73' lang='lat' dir='ltr'><strong>Cicer.</strong></span> <span class='ocrx_word' id='word_1_265' title='bbox 656 3309 725 3374; x_wconf 81' lang='lat' dir='ltr'><strong>Aet.</strong></span> <span class='ocrx_word' id='word_1_266' title='bbox 755 3311 840 3375; x_wconf 81' lang='lat' dir='ltr'><strong>Verr.</strong></span> <span class='ocrx_word' id='word_1_267' title='bbox 860 3312 888 3374; x_wconf 89' lang='lat'><strong>3.</strong></span> <span class='ocrx_word' id='word_1_268' title='bbox 911 3313 944 3373; x_wconf 83' lang='grc' dir='ltr'><strong>Ο.</strong></span> <span class='ocrx_word' id='word_1_269' title='bbox 964 3312 1028 3373; x_wconf 93' lang='grc'><strong>4.-</strong></span> <span class='ocrx_word' id='word_1_270' title='bbox 1046 3312 1192 3376; x_wconf 88' lang='lat' dir='ltr'><strong>homines</strong></span> <span class='ocrx_word' id='word_1_271' title='bbox 1212 3333 1253 3376; x_wconf 82' lang='lat' dir='ltr'><strong>ex</strong></span> <span class='ocrx_word' id='word_1_272' title='bbox 1272 3317 1338 3374; x_wconf 91' lang='lat' dir='ltr'><strong>tota</strong></span> <span class='ocrx_word' id='word_1_273' title='bbox 1358 3329 1436 3398; x_wconf 79' lang='lat' dir='ltr'><strong>pro-</strong></span> 
     </span>
     <span class='ocr_line' id='line_1_30' title="bbox 385 3406 1436 3490; baseline 0.002 -22"><span class='ocrx_word' id='word_1_274' title='bbox 385 3408 495 3469; x_wconf 79' lang='lat' dir='ltr'><strong>vincia</strong></span> <span class='ocrx_word' id='word_1_275' title='bbox 515 3407 709 3471; x_wconf 86' lang='lat' dir='ltr'><strong>nobilissimi</strong></span> <span class='ocrx_word' id='word_1_276' title='bbox 724 3409 883 3488; x_wconf 87' lang='lat' dir='ltr'><strong>primique</strong></span> <span class='ocrx_word' id='word_1_277' title='bbox 891 3406 1014 3488; x_wconf 72' lang='lat' dir='ltr'><strong>pollice</strong></span> <span class='ocrx_word' id='word_1_278' title='bbox 1023 3411 1235 3490; x_wconf 57' lang='lat' dir='ltr'><strong>privatimque</strong></span> <span class='ocrx_word' id='word_1_279' title='bbox 1249 3413 1404 3472; x_wconf 85' lang='lat' dir='ltr'><strong>venerunt</strong></span> <span class='ocrx_word' id='word_1_280' title='bbox 1415 3441 1436 3456; x_wconf 81' lang='grc'>-</span> 
     </span>
     <span class='ocr_line' id='line_1_31' title="bbox 385 3503 1434 3588; baseline -0.002 -20"><span class='ocrx_word' id='word_1_281' title='bbox 385 3504 459 3568; x_wconf 81' lang='lat' dir='ltr'><strong>vide</strong></span> <span class='ocrx_word' id='word_1_282' title='bbox 481 3511 511 3568; x_wconf 86' lang='lat' dir='ltr'><strong>et</strong></span> <span class='ocrx_word' id='word_1_283' title='bbox 530 3505 600 3567; x_wconf 80' lang='lat' dir='ltr'><strong>Act.</strong></span> <span class='ocrx_word' id='word_1_284' title='bbox 621 3504 648 3566; x_wconf 88' lang='lat'><strong>5.</strong></span> <span class='ocrx_word' id='word_1_285' title='bbox 673 3503 703 3568; x_wconf 76' lang='lat'><strong>0.</strong></span> <span class='ocrx_word' id='word_1_286' title='bbox 725 3504 753 3568; x_wconf 69' lang='grc'><strong>9</strong></span> <span class='ocrx_word' id='word_1_287' title='bbox 774 3505 802 3566; x_wconf 90' lang='grc'><strong>9.</strong></span> <span class='ocrx_word' id='word_1_288' title='bbox 823 3511 855 3567; x_wconf 83' lang='lat' dir='ltr'><strong>et</strong></span> <span class='ocrx_word' id='word_1_289' title='bbox 872 3506 921 3568; x_wconf 89' lang='grc'><strong>41.</strong></span> <span class='ocrx_word' id='word_1_290' title='bbox 932 3527 944 3582; x_wconf 88' lang='grc'><strong>,·</strong></span> <span class='ocrx_word' id='word_1_291' title='bbox 966 3506 1038 3568; x_wconf 77' lang='lat' dir='ltr'><strong>vide</strong></span> <span class='ocrx_word' id='word_1_292' title='bbox 1059 3507 1092 3568; x_wconf 89' lang='lat' dir='ltr'><strong>in</strong></span> <span class='ocrx_word' id='word_1_293' title='bbox 1114 3508 1182 3588; x_wconf 88' lang='lat' dir='ltr'><strong>ipso</strong></span> <span class='ocrx_word' id='word_1_294' title='bbox 1196 3503 1349 3570; x_wconf 76' lang='lat' dir='ltr'><strong>Sallustio</strong></span> <span class='ocrx_word' id='word_1_295' title='bbox 1362 3506 1434 3582; x_wconf 60' lang='lat' dir='ltr'><strong>Iol.</strong></span> 
     </span>
     <span class='ocr_line' id='line_1_32' title="bbox 385 3603 1434 3685; baseline 0.001 -21"><span class='ocrx_word' id='word_1_296' title='bbox 385 3603 433 3665; x_wconf 85' lang='grc'><strong>32.</strong></span> <span class='ocrx_word' id='word_1_297' title='bbox 454 3603 483 3666; x_wconf 87' lang='grc'><strong>5.</strong></span> <span class='ocrx_word' id='word_1_298' title='bbox 503 3637 526 3648; x_wconf 97' lang='grc'>-</span> <span class='ocrx_word' id='word_1_299' title='bbox 548 3603 679 3664; x_wconf 85' lang='lat' dir='ltr'><strong>Cassius</strong></span> <span class='ocrx_word' id='word_1_300' title='bbox 695 3604 850 3681; x_wconf 78' lang='lat' dir='ltr'><strong>priuatim</strong></span> <span class='ocrx_word' id='word_1_301' title='bbox 871 3603 964 3665; x_wconf 91' lang='lat' dir='ltr'><strong>fidem</strong></span> <span class='ocrx_word' id='word_1_302' title='bbox 994 3622 1087 3666; x_wconf 87' lang='lat' dir='ltr'><strong>suam</strong></span> <span class='ocrx_word' id='word_1_303' title='bbox 1115 3605 1306 3685; x_wconf 87' lang='lat' dir='ltr'><strong>interponit,</strong></span> <span class='ocrx_word' id='word_1_304' title='bbox 1336 3619 1434 3684; x_wconf 82' lang='lat' dir='ltr'><strong>quam</strong></span> 
     </span>
     <span class='ocr_line' id='line_1_33' title="bbox 386 3699 1280 3779; baseline 0.003 -19"><span class='ocrx_word' id='word_1_305' title='bbox 386 3699 546 3779; x_wconf 79' lang='lat' dir='ltr'><strong>Iugurtha</strong></span> <span class='ocrx_word' id='word_1_306' title='bbox 566 3719 628 3762; x_wconf 90' lang='lat' dir='ltr'><strong>non</strong></span> <span class='ocrx_word' id='word_1_307' title='bbox 650 3701 782 3762; x_wconf 88' lang='lat' dir='ltr'><strong>minoris</strong></span> <span class='ocrx_word' id='word_1_308' title='bbox 803 3718 899 3779; x_wconf 88' lang='lat' dir='ltr'><strong>quam</strong></span> <span class='ocrx_word' id='word_1_309' title='bbox 916 3699 1076 3779; x_wconf 79' lang='lat' dir='ltr'><strong>pollicum</strong></span> <span class='ocrx_word' id='word_1_310' title='bbox 1097 3702 1234 3766; x_wconf 83' lang='lat' dir='ltr'><strong>ducebat</strong></span> <span class='ocrx_word' id='word_1_311' title='bbox 1252 3735 1280 3763; x_wconf 89' lang='lat'><strong>-.</strong></span> 
     </span>
    </p>

    <p class='ocr_par' dir='ltr' id='par_1_8' title="bbox 385 3795 1443 4268">
     <span class='ocr_line' id='line_1_34' title="bbox 467 3795 1432 3878; baseline 0.006 -22"><span class='ocrx_word' id='word_1_312' title='bbox 467 3795 499 3856; x_wconf 87' lang='lat' dir='ltr'><strong>C.</strong></span> <span class='ocrx_word' id='word_1_313' title='bbox 522 3795 568 3858; x_wconf 90' lang='grc'><strong>11.</strong></span> <span class='ocrx_word' id='word_1_314' title='bbox 589 3797 642 3858; x_wconf 87' lang='lat' dir='ltr'><strong>fin.</strong></span> <span class='ocrx_word' id='word_1_315' title='bbox 659 3816 676 3854; x_wconf 94' lang='lat'>«</span> <span class='ocrx_word' id='word_1_316' title='bbox 691 3815 730 3858; x_wconf 87' lang='lat' dir='ltr'><strong>ne</strong></span> <span class='ocrx_word' id='word_1_317' title='bbox 751 3797 798 3858; x_wconf 88' lang='lat' dir='ltr'><strong>illi</strong></span> <span class='ocrx_word' id='word_1_318' title='bbox 813 3799 968 3878; x_wconf 84' lang='lat' dir='ltr'><strong>corruptis</strong></span> <span class='ocrx_word' id='word_1_319' title='bbox 985 3799 1125 3862; x_wconf 89' lang='lat' dir='ltr'><strong>moribus</strong></span> <span class='ocrx_word' id='word_1_320' title='bbox 1141 3801 1291 3862; x_wconf 84' lang='lat' dir='ltr'><strong>victoriae</strong></span> <span class='ocrx_word' id='word_1_321' title='bbox 1306 3803 1432 3878; x_wconf 85' lang='lat' dir='ltr'><strong>tempo-</strong></span> 
     </span>
     <span class='ocr_line' id='line_1_35' title="bbox 386 3892 1434 3974; baseline -0.001 -18"><span class='ocrx_word' id='word_1_322' title='bbox 386 3897 493 3956; x_wconf 82' lang='lat' dir='ltr'><strong>rarent</strong></span> <span class='ocrx_word' id='word_1_323' title='bbox 503 3893 719 3956; x_wconf 79' lang='lat' dir='ltr'><strong>-Dielselrios</strong></span> <span class='ocrx_word' id='word_1_324' title='bbox 744 3892 831 3956; x_wconf 82' lang='lat' dir='ltr'><strong>Com.</strong></span> <span class='ocrx_word' id='word_1_325' title='bbox 846 3893 873 3955; x_wconf 91' lang='lat'><strong>5.</strong></span> <span class='ocrx_word' id='word_1_326' title='bbox 886 3911 921 3974; x_wconf 75' lang='lat' dir='ltr'><strong>p.</strong></span> <span class='ocrx_word' id='word_1_327' title='bbox 937 3896 1002 3958; x_wconf 90' lang='grc'><strong>103.</strong></span> <span class='ocrx_word' id='word_1_328' title='bbox 1018 3900 1156 3960; x_wconf 87' lang='lat' dir='ltr'><strong>mutavit</strong></span> <span class='ocrx_word' id='word_1_329' title='bbox 1170 3899 1204 3958; x_wconf 90' lang='lat' dir='ltr'><strong>in</strong></span> <span class='ocrx_word' id='word_1_330' title='bbox 1219 3898 1434 3974; x_wconf 75' lang='lat' dir='ltr'><strong>temperarint,</strong></span> 
     </span>
     <span class='ocr_line' id='line_1_36' title="bbox 386 3991 1434 4073; baseline 0 -21"><span class='ocrx_word' id='word_1_331' title='bbox 386 3991 601 4054; x_wconf 81' lang='lat' dir='ltr'><strong>coniecturam</strong></span> <span class='ocrx_word' id='word_1_332' title='bbox 622 3992 812 4053; x_wconf 85' lang='lat' dir='ltr'><strong>confirmans</strong></span> <span class='ocrx_word' id='word_1_333' title='bbox 833 3991 874 4052; x_wconf 89' lang='lat' dir='ltr'><strong>ad</strong></span> <span class='ocrx_word' id='word_1_334' title='bbox 893 3993 982 4056; x_wconf 72' lang='lat' dir='ltr'><strong>Hirr.</strong></span> <span class='ocrx_word' id='word_1_335' title='bbox 1005 3995 1034 4059; x_wconf 83' lang='lat'><strong>2.</strong></span> <span class='ocrx_word' id='word_1_336' title='bbox 1055 3996 1093 4070; x_wconf 89' lang='grc'><strong>9.,</strong></span> <span class='ocrx_word' id='word_1_337' title='bbox 1114 4011 1309 4073; x_wconf 88' lang='lat' dir='ltr'><strong>quamquam</strong></span> <span class='ocrx_word' id='word_1_338' title='bbox 1331 3994 1364 4054; x_wconf 90' lang='lat' dir='ltr'><strong>iu</strong></span> <span class='ocrx_word' id='word_1_339' title='bbox 1386 3992 1434 4052; x_wconf 82' lang='lat' dir='ltr'><strong>ed.</strong></span> 
     </span>
     <span class='ocr_line' id='line_1_37' title="bbox 385 4087 1436 4170; baseline 0.002 -20"><span class='ocrx_word' id='word_1_340' title='bbox 385 4089 454 4150; x_wconf 80' lang='lat' dir='ltr'><strong>mlo</strong></span> <span class='ocrx_word' id='word_1_341' title='bbox 474 4104 504 4148; x_wconf 83' lang='lat' dir='ltr'><strong>a.</strong></span> <span class='ocrx_word' id='word_1_342' title='bbox 524 4087 609 4148; x_wconf 80' lang='lat'><strong>1874.</strong></span> <span class='ocrx_word' id='word_1_343' title='bbox 631 4089 805 4151; x_wconf 86' lang='lat' dir='ltr'><strong>restituerit</strong></span> <span class='ocrx_word' id='word_1_344' title='bbox 826 4094 1051 4170; x_wconf 75' lang='lat' dir='ltr'><strong>temperarent,</strong></span> <span class='ocrx_word' id='word_1_345' title='bbox 1074 4092 1158 4170; x_wconf 89' lang='lat' dir='ltr'><strong>quod</strong></span> <span class='ocrx_word' id='word_1_346' title='bbox 1171 4091 1256 4152; x_wconf 90' lang='lat' dir='ltr'><strong>nihil</strong></span> <span class='ocrx_word' id='word_1_347' title='bbox 1272 4089 1436 4160; x_wconf 78' lang='lat' dir='ltr'><strong>Latinita-</strong></span> 
     </span>
     <span class='ocr_line' id='line_1_38' title="bbox 388 4184 1443 4268; baseline 0.003 -20"><span class='ocrx_word' id='word_1_348' title='bbox 388 4189 453 4248; x_wconf 85' lang='lat' dir='ltr'><strong>tem</strong></span> <span class='ocrx_word' id='word_1_349' title='bbox 480 4184 630 4261; x_wconf 80' lang='lat' dir='ltr'><strong>offendit,</strong></span> <span class='ocrx_word' id='word_1_350' title='bbox 650 4187 727 4264; x_wconf 90' lang='lat' dir='ltr'><strong>quia</strong></span> <span class='ocrx_word' id='word_1_351' title='bbox 746 4191 924 4268; x_wconf 87' lang='lat' dir='ltr'><strong>temporum</strong></span> <span class='ocrx_word' id='word_1_352' title='bbox 952 4208 1027 4250; x_wconf 86' lang='lat' dir='ltr'><strong>usus</strong></span> <span class='ocrx_word' id='word_1_353' title='bbox 1049 4189 1235 4268; x_wconf 87' lang='lat' dir='ltr'><strong>plerumque</strong></span> <span class='ocrx_word' id='word_1_354' title='bbox 1260 4186 1374 4268; x_wconf 87' lang='lat' dir='ltr'><strong>pendet</strong></span> <span class='ocrx_word' id='word_1_355' title='bbox 1393 4208 1443 4251; x_wconf 86' lang='lat' dir='ltr'><strong>ex·</strong></span> 
     </span>
    </p>
   </div>
   <div class='ocr_carea' id='block_1_7' title="bbox 388 4282 1436 4369">
    <p class='ocr_par' dir='ltr' id='par_1_9' title="bbox 388 4282 1436 4369">
     <span class='ocr_line' id='line_1_39' title="bbox 388 4282 1436 4369; baseline 0.006 -23"><span class='ocrx_word' id='word_1_356' title='bbox 388 4284 510 4350; x_wconf 81' lang='lat' dir='ltr'><strong>rationo</strong></span> <span class='ocrx_word' id='word_1_357' title='bbox 540 4301 604 4366; x_wconf 81' lang='lat' dir='ltr'><strong>qus</strong></span> <span class='ocrx_word' id='word_1_358' title='bbox 635 4282 775 4368; x_wconf 71' lang='lat' dir='ltr'><strong>Scriptor</strong></span> <span class='ocrx_word' id='word_1_359' title='bbox 806 4305 871 4352; x_wconf 85' lang='lat' dir='ltr'><strong>rem</strong></span> <span class='ocrx_word' id='word_1_360' title='bbox 893 4288 1038 4355; x_wconf 83' lang='lat' dir='ltr'><strong>intuetur</strong></span> <span class='ocrx_word' id='word_1_361' title='bbox 1063 4289 1094 4352; x_wconf 87' lang='lat' dir='ltr'><strong>ot</strong></span> <span class='ocrx_word' id='word_1_362' title='bbox 1121 4286 1225 4366; x_wconf 88' lang='lat' dir='ltr'><strong>ponit;</strong></span> <span class='ocrx_word' id='word_1_363' title='bbox 1245 4284 1299 4350; x_wconf 87' lang='lat' dir='ltr'><strong>hio</strong></span> <span class='ocrx_word' id='word_1_364' title='bbox 1322 4285 1436 4369; x_wconf 82' lang='lat' dir='ltr'><strong>siqui-</strong></span> 
     </span>
    </p>
   </div>
   <div class='ocr_carea' id='block_1_8' title="bbox 0 0 1670 5188">
    <p class='ocr_par' dir='ltr' id='par_1_10' title="bbox 0 0 1670 5188">
     <span class='ocr_line' id='line_1_40' title="bbox 0 0 1670 5188; baseline 0 0"><span class='ocrx_word' id='word_1_365' title='bbox 0 0 1670 5188; x_wconf 95' lang='lat' dir='ltr'><strong> </strong></span> 
     </span>
    </p>
   </div>
  </div>
 </body>
</html>
