3322 5188
822 531 980 597 ..24-

380 665 524 735 maxime
540 661 657 730 recedit
676 681 696 728 a
715 683 800 730 more
820 665 980 732 Sallustii.
1002 665 1062 730 Est
1082 669 1113 730 et
1127 667 1284 731 Voltureii
1300 667 1340 730 ad
1355 667 1438 730 Ga-

378 763 507 826 51115555
527 763 658 846 55155515
679 764 792 827 iisdem
810 765 919 828 ¹verbis
940 765 1119 842 scribentis,
1145 763 1210 830 Cat.
1230 765 1279 828 14.
1298 767 1336 843 5.,
1357 767 1439 830 col·-

379 861 444 925 1515
466 860 612 925 01555555
636 859 728 924 darii.
750 863 778 924 3.
799 862 827 924 5.

402 1011 405 1020 .
461 957 494 1022 O.
514 959 561 1022 35.
577 959 611 1042 72.
634 979 653 1020 s
674 959 777 1033 Quam
796 959 835 1022 ob
855 978 922 1023 rem
941 959 1156 1024 defensionem
1178 962 1211 1023 in
1238 981 1320 1025 5555
1343 979 1438 1024 con-

374 1056 452 1120 silio
465 1073 528 1120 non
542 1058 640 1120 statui
660 1074 780 1138 parere,
801 1058 1051 1121 satisfactionem
1072 1077 1111 1122 ex
1125 1060 1215 1121 nulla
1231 1061 1437 1124 consciencia

379 1153 418 1218 de
435 1155 532 1236 culpa
551 1172 720 1236 proponere
741 1154 864 1218 decrevi
885 1177 902 1218 5
924 1155 1060 1218 Videtur
1079 1158 1251 1220 consilium
1267 1157 1436 1242 55515155-

379 1249 474 1314 dendi
494 1250 641 1327 abnuere,
661 1251 909 1314 satisfactionem
930 1271 994 1314 555
1014 1271 1159 1316 recusare
1170 1273 1178 1333 ;
1200 1253 1436 1334 5555555511-

379 1364 472 1410 versa
490 1353 575 1425 eunt,
595 1366 670 1412 nem
690 1348 831 1412 defendit
850 1351 906 1428 qui
926 1352 1048 1414 crimen
1063 1351 1221 1414 obiectum
1243 1352 1355 1430 dilnit3
1370 1367 1435 1412 sa·-

379 1444 504 1510 tisiaeit
521 1447 577 1527 qni
597 1463 716 1510 morem
737 1447 838 1526 gerit,
850 1454 881 1509 et
901 1447 1039 1510 alicuius
1053 1448 1129 1508 facti
1145 1450 1297 1511 rationem
1313 1448 1433 1522 reddit,

329 1545 332 1554 '
379 1541 419 1606 cl.
443 1540 586 1606 (laced.
610 1543 646 1608 (i.
668 1544 695 1605 l.
714 1543 763 1605 41.
784 1548 817 1606 et
835 1543 863 1605 5.
884 1543 932 1605 54.
953 1543 1077 1606 Novum
1099 1550 1147 1607 est
1172 1546 1368 1608 conscientia
1390 1545 1441 1607 dc-

334 1633 336 1636 ’
378 1640 482 1722 55155,
503 1642 692 1723 praepositio
710 1659 766 1722 pro
786 1657 874 1716 5555,
892 1641 977 1720 quod
990 1648 1096 1722 postea
1113 1643 1251 1705 invainit
1268 1645 1301 1704 in
1316 1659 1434 1704 recen*

378 1737 514 1802 tionibus
538 1739 702 1815 dialectis,
733 1739 923 1802 5515555555
949 1741 1106 1820 originem
1133 1741 1229 1804 habet
1255 1759 1295 1802 ex
1320 1741 1432 1821 priseo

379 1834 509 1917 vulgari
531 1854 682 1899 sermone.
711 1845 714 1852 ’

457 1932 490 1996 O.
511 1931 559 1996 35.
579 1933 647 1997 2.“«
674 1933 887 1998 defensionem
914 1935 948 1997 in
973 1953 1054 1998 5555
1078 1935 1212 1998 55551115
1238 1953 1300 1998 555
1322 1938 1428 1998 staini

377 2047 489 2112 perere
508 2054 526 2094 5
549 2031 684 2108 Noram,
703 2033 781 2113 quia
800 2037 967 2114 postquem
989 2052 1023 2095 se
1040 2053 1080 2095 ex
1100 2035 1370 2114 enriaproripnit,
1384 2035 1431 2096 ad

377 2127 541 2192 Manliana
557 2134 665 2193 eastre
684 2131 841 2213 profectus
861 2137 918 2206 est,
939 2135 1045 2211 aperte
1065 2130 1235 2194 sebastem
1253 2133 1426 2212 professus,

382 2223 449 2289 Oct.
470 2226 819 2308 auctoritateque.
841 2229 868 2290 1.
890 2229 936 2292 18.
957 2229 1004 2290 33.
1026 2261 1049 2274 -
1070 2233 1173 2291 sumet
1192 2245 1271 2290 5555
1290 2229 1428 2292 coasilia
1489 2288 1492 2294 ,

378 2327 411 2386 55
429 2341 500 2406 spes
519 2343 556 2404 -ς
576 2326 613 2388 iu
637 2345 717 2390 5555
740 2325 875 2391 55551115
900 2331 949 2390 est
969 2361 990 2374 -
1008 2327 1085 2388 dnm
1106 2345 1224 2390 novum
1250 2326 1425 2388 consilium

377 2422 504 2504 suscepi
524 2427 556 2486 55
575 2425 609 2484 15
630 2443 666 2486 55
685 2427 789 2504 pereto
808 2455 829 2473 -a

457 2519 491 2582 G.
511 2519 560 2582 36.
580 2521 609 2584 2.
630 2540 648 2580 «
668 2525 790 2600 praeter
811 2539 917 2582 rerum
936 2519 1129 2600 capitalium
1156 2517 1383 2582 condemnetis.
1405 2545 1427 2584 5

377 2613 536 2682 Heraeus
549 2632 623 2678 cum
644 2617 803 2681 infinitivo
822 2651 844 2666 ·-
863 2617 991 2681 Praeter
1005 2617 1128 2698 plorare
1143 2651 1165 2666 -
1185 2617 1252 2682 det.
1272 2617 1301 2680 2.
1317 2617 1345 2679 5.
1366 2617 1426 2697 69,

377 2717 409 2778 et
428 2713 556 2778 videtur
574 2715 741 2796 utrobique
760 2733 829 2779 esse
847 2735 905 2797 pro
919 2721 1152 2796 praeterquam.

459 2811 492 2875 O.
513 2811 561 2876 37.
580 2811 609 2875 7.
631 2833 649 2874 «
670 2814 819 2876 iuventus
840 2829 921 2893 quae
942 2815 975 2876 in
997 2815 1087 2894 agris
1108 2831 1261 2876 manuum
1283 2811 1427 2877 mercede

377 2908 516 2992 inopiam
536 2910 726 2974 toleraverat
746 2933 763 2973 5
785 2911 867 2975 idest
886 2929 943 2993 per
963 2909 1066 2974 fueret
1087 2913 1212 2991 inopiae
1234 2911 1424 2987 tolerandae,

376 3015 487 3072 contra
496 3011 636 3092 inopiam
649 3027 684 3072 ee
696 3008 891 3088 defenderai;
909 3008 974 3072 uae.
986 3010 1033 3073 24.
1046 3010 1074 3072 3.
1086 3045 1107 3057 -
1116 3015 1242 3070 sumtus
1253 3009 1394 3070 tolerare.
1403 3041 1426 3055 -

380 3105 495 3171 Graeci
515 3107 719 3189 χειρώνακτας
734 3114 847 3172 vocant
861 3107 985 3188 opifices
1002 3109 1060 3186 qui
1080 3125 1233 3168 mannum
1248 3105 1425 3166 ministerio

376 3206 501 3272 victum
522 3205 584 3270 sibi
599 3211 766 3286 quaerunt,
781 3206 951 3285 dequibus
966 3204 1143 3270 delicatius
1158 3203 1287 3278 515155.
1301 3201 1349 3262 73.
1364 3202 1391 3262 6.
1404 3234 1426 3250 -·

377 3321 513 3386 quorum
527 3321 576 3366 res
589 3303 730 3384 fidesque
751 3305 786 3365 in
806 3305 955 3367 manibus
977 3303 1061 3365 sitae·
1077 3320 1106 3378 -3
1127 3301 1259 3363 tolerare
1283 3301 1424 3380 inopiam

377 3401 496 3470 dicitnr
516 3407 548 3466 et
568 3401 607 3465 de
626 3419 662 3464 55
675 3402 732 3482 qui
747 3403 886 3484 inopiam
900 3400 1033 3462 alterius
1047 3398 1202 3474 sublevat,
1216 3397 1322 3461 Placet.
1339 3398 1424 3461 Tri-

378 3517 495 3564 merum.
515 3499 545 3566 2.
565 3499 595 3564 2.
616 3499 664 3564 57.
684 3533 706 3548 -
723 3500 858 3562 tolerare
876 3503 1051 3579 egestatem
1071 3497 1140 3559 eius
1162 3496 1230 3558 5515
1251 3530 1274 3542 -

457 3597 491 3660 O.
512 3597 560 3661 39.
579 3599 609 3662 4.
631 3617 649 3659 s
670 3599 779 3680 Neque
810 3597 877 3660 illis
904 3597 960 3675 qui
990 3595 1155 3658 victoriam
1187 3594 1291 3676 adepti
1324 3596 1424 3658 forent

377 3693 501 3758 diutius
521 3697 628 3760 55551
648 3697 800 3773 licuisset,
821 3695 900 3774 quin
922 3692 1053 3756 defessis
1074 3697 1106 3756 et
1125 3693 1344 3772 exsanguibus
1366 3691 1424 3770 qni

377 3791 451 3875 5155
471 3797 576 3874 posset
591 3794 759 3875 imperium
773 3797 869 3870 atque
883 3790 1060 3864 libertatem
1073 3795 1280 3870 extorqueret.
1294 3811 1312 3850 5
1327 3787 1426 3849 Dict-

377 3887 486 3952 seusei
510 3888 623 3952 Ouum.
647 3888 679 3952 C.
699 3889 727 3952 5.
743 3907 777 3970 p.
799 3887 865 3950 109.
886 3889 1032 3952 emendat
1052 3894 1160 3951 contra
1173 3905 1280 3949 omnes
1295 3885 1391 3958 libros
1404 3916 1425 3932 -

377 4003 481 4068 neque
502 3987 568 4049 illis
593 3987 625 4050 si
643 4020 672 4050 -.
693 3987 774 4050 Eine
801 3986 896 4052 verba
927 3991 1003 4049 sunt
1024 4019 1046 4032 -
1067 3985 1192 4060 Verba,
1212 3989 1249 4045 55
1276 3983 1310 4043 15
1332 3981 1424 4043 libris

378 4085 497 4168 scripta
517 4090 603 4162 5555,
624 4103 700 4148 5555
720 4085 812 4149 aliter
833 4085 934 4167 accipi
955 4102 1017 4146 non
1032 4085 1173 4163 pessunt,
1187 4095 1284 4160 quaro
1298 4083 1334 4140 55
1347 4095 1427 4140 555-

377 4185 478 4250 tentia
497 4185 658 4248 communi
680 4188 817 4264 quantas
832 4183 867 4248 in
886 4183 995 4246 turbas
1010 4181 1302 4261 permixtionesque
1316 4196 1423 4240 rerum

378 4282 495 4353 civitas
514 4282 613 4356 semel
632 4280 749 4353 laxatis
770 4280 881 4367 legum
901 4279 1042 4350 vinculis
1066 4280 1147 4358 ruat,
1167 4275 1361 4346 ostendatur.
1381 4275 1425 4340 At
