3322 5188
808 631 845 642 ..
866 593 887 659 2
907 629 943 642 ..

433 720 565 790 Titulus
586 728 670 803 libri,
693 729 727 790 in
747 729 910 792 codicibus
930 733 963 792 ct
983 729 1143 793 veteribus
1166 726 1404 808 Grammaticis,

119 877 121 885 .
226 815 231 821 ’
352 835 441 888 bunc
471 826 658 888 inscribitur
683 819 719 886 de
744 827 962 888 coniuratione
991 825 1161 903 Catilinae,
1182 847 1269 890 nunc
1294 827 1405 890 tetiam

357 923 602 1000 Catiliaariaea,
615 942 702 986 nunc
719 923 958 998 Catiiiaariam,
974 943 1061 987 nunc
1078 925 1226 988 Catilina.
1241 927 1406 990 Praevelet

354 1021 523 1100 inscriptio
544 1020 580 1082 da
604 1020 762 1084 Catilinae
782 1021 1007 1095 coniuratione,
1028 1039 1111 1103 quac
1130 1023 1277 1085 Auctoris
1298 1023 1403 1085 verbis

349 1117 561 1180 confirmatur
571 1133 635 1198 cap.
648 1119 676 1178 4.
687 1117 780 1181 Hanc
791 1103 962 1180 tenuerunt
977 1118 1163 1182 Gariaciiae
1173 1125 1204 1182 et
1213 1119 1406 1180 Dieteaiiaa.

437 1213 513 1276 (1.2.
529 1214 556 1276 l··.
572 1233 677 1296 <opera
688 1216 871 1294 ingenium,
886 1215 943 1278 alii
958 1231 1070 1298 corpus
1084 1217 1299 1280 exercebant»
1316 1215 1407 1290 Quod

352 1311 408 1374 iric
429 1316 518 1374 notat
537 1311 749 1402 Kitibanitai
763 1313 858 1375 -hae
872 1331 962 1376 voces
983 1332 1106 1394 semper
1126 1313 1188 1376 eibi
1209 1314 1347 1376 invicem
1366 1313 1407 1376 ab

354 1411 492 1472 Auctore
506 1414 612 1472 nostro
631 1416 841 1492 opponuntur,
863 1429 1031 1491 nunquam
1051 1415 1157 1474 autern
1178 1429 1270 1492 pars.
1285 1427 1406 1491 ..para

354 1523 414 1570 nec
436 1507 531 1569 etiam
547 1507 631 1569 alii.
686 1507 751 1570 alii.
766 1541 787 1556 -
800 1509 956 1572 refellitur
969 1510 1149 1572 testimonio
1163 1510 1267 1591 ipsius
1280 1510 1406 1572 Aucto-

355 1606 410 1681 ris,
432 1604 505 1667 vide
525 1605 596 1681 Iaca.
618 1606 664 1667 14.
686 1606 744 1681 15,
765 1605 813 1667 33.
834 1606 878 1681 3.‚
900 1605 949 1666 39.
972 1606 1014 1681 1.,
1035 1605 1082 1667 58.
1105 1607 1133 1667 6.

439 1702 472 1768 O.
493 1703 521 1766 2.
535 1704 564 1765 8.
581 1723 597 1763 a
612 1721 795 1782 corumcgn
815 1704 918 1766 vitam
939 1708 1135 1783 mortemque
1155 1704 1247 1766 iuxta
1266 1707 1408 1766 aestumo

353 1803 507 1882 quoniam
529 1800 567 1863 de
588 1805 723 1880 utraque
743 1799 897 1862 siletur.»
914 1799 999 1860 Illud
1016 1800 1184 1880 praecipuo
1204 1800 1274 1862 vult
1296 1797 1409 1862 Salia-

352 1898 441 1959 atias
462 1904 499 1959 ut
517 1898 668 1958 memoria
698 1898 799 1958 nostri
830 1915 927 1976 quarn
958 1914 1109 1958 maxume
1129 1897 1227 1976 longa
1247 1897 1407 1958 efficiatur

355 1995 480 2073 ingenii
512 1994 645 2075 opibus,
669 1992 700 2057 0.
723 1994 750 2054 1.
770 1994 814 2070 4.,
836 1999 868 2056 et
887 1994 1041 2075 praeclari
1072 1993 1225 2056 facinoris
1249 1999 1306 2055 aut
1325 1992 1408 2054 artis

355 2093 456 2156 bonae
473 2091 571 2166 sama
601 2097 790 2171 quaeratur,
815 2089 847 2154 C.
867 2091 897 2154 2.
917 2091 945 2152 9.
974 2089 1147 2153 Silentium
1177 2095 1260 2154 recte
1289 2087 1410 2171 aequi-

353 2193 487 2270 paratur
500 2189 603 2274 marti,
624 2189 709 2268 qood
724 2189 767 2250 ulo
788 2189 859 2269 ipsa
878 2189 997 2272 ,virtute
1010 2187 1172 2268 praedicat
1192 2187 1360 2262 Horatius,
1379 2186 1409 2247 ei

351 2287 397 2348 rie
415 2303 452 2348 ea
469 2287 593 2362 siletur,
627 2284 731 2358 Garat.
760 2285 789 2346 4.
813 2286 842 2346 9.
866 2285 915 2346 29.
929 2320 950 2332 -
973 2284 1111 2348 Paulum
1142 2283 1281 2363 sepultae
1311 2284 1411 2344 distat

353 2385 490 2446 inertiae
514 2382 623 2446 Celata
642 2383 756 2446 virtus.
769 2411 790 2430 ··-
803 2383 877 2445 inde
897 2383 1065 2446 obiiciaaae
1086 2381 1205 2444 iiaidac
1226 2399 1273 2442 aa.
1285 2379 1409 2456 3435,

350 2487 388 2545 ct
409 2481 614 2544 taciturnitas
635 2479 746 2541 iaaiia
770 2479 801 2540 O.
822 2479 852 2540 4.
872 2479 901 2540 8.
921 2479 971 2542 24.
1150 2551 1152 2557 .
1282 2555 1283 2559 Ἰ

440 2576 471 2640 C.
492 2574 522 2640 2.
542 2577 571 2640 2.
588 2597 606 2635 4
630 2595 691 2638 sua
722 2576 840 2656 cuique
860 2577 942 2638 satis
973 2576 1140 2658 placebant
1153 2598 1171 2639 a
1186 2575 1303 2638 Forma
1331 2574 1411 2638 haec

352 2675 484 2738 tliceudi
506 2673 588 2758 redit
608 2673 679 2751 Iaca.
699 2673 749 2735 64.
769 2673 799 2736 2.
953 2731 967 2768 .
1365 2721 1369 2725 -

441 2771 472 2834 0.
486 2772 514 2835 2.
529 2773 557 2833 9.
573 2792 590 2832 a
605 2771 637 2834 Ie
657 2771 787 2836 demum
808 2772 890 2834 mihi
912 2773 1020 2834 rivere
1039 2777 1070 2835 ct
1089 2773 1155 2836 frui
1181 2772 1291 2834 anima
1311 2770 1410 2833 vide·-

356 2876 412 2934 tur
432 2871 488 2950 qui
516 2871 625 2950 aliquo
654 2871 782 2950 negotio
812 2872 956 2934 intentus
986 2870 1141 2950 praeclari
1171 2871 1322 2932 facinoris
1354 2874 1411 2932 ant

358 2969 437 3030 artis
452 2969 551 3032 bonae
565 2969 682 3030 famam
697 2967 853 3047 quaerito
867 2968 1138 3031 Constructionem
1158 2967 1247 3030 verbi
1267 2969 1410 3029 intactae

356 3067 486 3146 *saepius
507 3066 652 3128 invenies
673 3082 747 3126 curn
769 3065 876 3134 dativo
895 3084 994 3146 quam¹
1014 3083 1095 3146 cunr¹
1109 3066 1258 3141 ablativo,
1281 3065 1347 3142 Cat,
1360 3065 1412 3144 64.

321 3163 323 3169 ’
352 3164 567 3243 ·4.·-negotiis
587 3165 761 3226 amicorum
784 3164 997 3226 intentus-et
1010 3163 1074 3228 Cat.
1085 3164 1114 3225 4.
1125 3164 1154 3228 2.
1176 3158 1345 3240 itemlaa.
1359 3162 1410 3225 89.

355 3263 388 3326 3.
402 3279 460 3324 nec
481 3281 544 3324 non
560 3259 613 3321 26.
633 3261 678 3340 2.,
699 3261 748 3324 94.
770 3261 797 3322 3.
819 3259 868 3323 Ita
888 3267 919 3324 et
938 3261 1097 3324 Horatiae
1117 3260 1222 3341 Epist.
1245 3261 1273 3322 1.
1285 3261 1314 3324 2.
1330 3261 1377 3322 36.
1391 3294 1412 3308 ·-

359 3359 507 3438 lntendee
540 3360 685 3420 animum
715 3359 832 3422 studiis
865 3363 909 3422 et.
931 3359 1024 3422 rebus
1054 3358 1196 3436 honestis
1214 3393 1254 3433 -,
1273 3351 1359 3438 quod
1379 3361 1411 3419 et

363 3457 463 3520 aare.
485 3457 514 3517 4.
534 3457 563 3516 4.
586 3456 641 3531 13.,
658 3455 763 3536 Epist.
783 3456 812 3520 2.
833 3453 862 3516 3.
882 3454 969 3530 468,
991 3454 1091 3518 Satir.
1114 3455 1140 3516 l.
1167 3455 1196 3516 5.
1216 3454 1265 3517 84.
1296 3453 1411 3516 Cacsar

359 3557 397 3621 B.
416 3555 451 3620 G.
465 3555 492 3616 3.
507 3554 555 3618 22.
570 3571 644 3616 cum
663 3555 893 3634 praepositione
908 3554 1084 3632 ira-aeque
1105 3554 1139 3613 in
1162 3571 1199 3614 ea
1220 3572 1253 3614 re
1266 3555 1410 3614 omniurn

359 3653 539 3716 nostrorum
558 3653 692 3714 intentis
722 3653 841 3714 animis
857 3667 895 3728 -ς
913 3657 1046 3730 usurpat
1065 3652 1162 3713 etiarn
1183 3669 1256 3715 curn
1277 3671 1412 3732 praepo·
1431 3671 1433 3678 ·

360 3753 480 3814 sitione
488 3749 543 3826 aa,
557 3749 595 3811 B.
619 3749 654 3815 G.
677 3747 705 3828 3.
725 3748 773 3814 26.
788 3781 811 3794 -
826 3748 1049 3828 mentibusque
1069 3748 1111 3812 ad
1129 3769 1273 3830 pugnam
1294 3752 1411 3811 inten-

360 3851 447 3911 tis·
462 3847 619 3922 Quocirca
638 3848 741 3926 aliqui
763 3846 953 3926 interpretes
974 3852 1154 3922 statuerunt
1176 3848 1281 3926 aiiqaa
1298 3867 1339 3908 ex
1366 3864 1409 3907 a-

361 3947 460 4028 iiqaoi
481 3963 549 4008 esse
569 3949 761 4025 corruptum3
782 3944 848 4019 alii,
870 3961 949 4023 quos
971 3947 1052 4008 iuter
1071 3947 1275 4022 Baeaaafae,
1296 3946 1410 4023 suspi-

358 4052 476 4109 cantur
495 4043 599 4124 aiipao
614 4061 682 4118 esec
695 4045 863 4123 antiquam
884 4043 1017 4106 formam
1038 4043 1149 4118 dativi,
1163 4049 1201 4104 ut
1219 4043 1314 4118 acilo,
1329 4041 1409 4120 salop

360 4141 546 4208 Diatsctias
579 4138 692 4203 coma.
717 4139 748 4203 C.
769 4139 797 4201 5.
812 4144 886 4220 pay.
909 4141 975 4204 loo.
1007 4141 1080 4204 vult
1099 4141 1276 4206 ablativum
1305 4140 1409 4222 aliqua

361 4243 482 4320 uacatio
502 4237 739 4318 contegendum
760 4256 828 4302 esse
847 4256 922 4301 cnm
941 4240 1075 4320 qaaerit,
1097 4246 1133 4301 ut
1154 4240 1323 4320 significet,
1348 4257 1411 4304 aaa

360 4342 430 4406 aiae
451 4339 554 4424 aiiqaa
575 4337 676 4404 latera
694 4337 827 4422 qaaerit,
842 4337 925 4418 quod
939 4337 979 4404 ad
993 4337 1184 4406 sententiam
1205 4338 1410 4422 aptissimum
