<?xml version="1.0" encoding="UTF-8"?>
<!DOCTYPE html PUBLIC "-//W3C//DTD XHTML 1.0 Transitional//EN"
    "http://www.w3.org/TR/xhtml1/DTD/xhtml1-transitional.dtd">
<html xmlns="http://www.w3.org/1999/xhtml" xml:lang="en" lang="en">
 <head>
  <title>
</title>
<meta http-equiv="Content-Type" content="text/html;charset=utf-8" />
  <meta name='ocr-system' content='tesseract 3.04.00' />
  <meta name='ocr-capabilities' content='ocr_page ocr_carea ocr_par ocr_line ocrx_word'/>
</head>
<body>
  <div class='ocr_page' id='page_1' title='image "adgaisallustiic00ciofgoog_0027.png"; bbox 0 0 3322 5188; ppageno 0'>
   <div class='ocr_carea' id='block_1_1' title="bbox 833 587 985 654">
    <p class='ocr_par' dir='ltr' id='par_1_1' title="bbox 833 587 985 654">
     <span class='ocr_line' id='line_1_1' title="bbox 833 587 985 654; baseline 0 -16"><span class='ocrx_word' id='word_1_1' title='bbox 833 587 985 654; x_wconf 79' lang='lat'><strong>...14-</strong></span> 
     </span>
    </p>
   </div>
   <div class='ocr_carea' id='block_1_2' title="bbox 382 722 1516 1392">
    <p class='ocr_par' dir='ltr' id='par_1_2' title="bbox 382 722 1516 1392">
     <span class='ocr_line' id='line_1_2' title="bbox 384 722 1437 806; baseline -0.001 -18"><span class='ocrx_word' id='word_1_2' title='bbox 384 727 418 788; x_wconf 93' lang='lat' dir='ltr'><strong>in</strong></span> <span class='ocrx_word' id='word_1_3' title='bbox 450 722 625 790; x_wconf 80' lang='lat' dir='ltr'><strong>extruendo</strong></span> <span class='ocrx_word' id='word_1_4' title='bbox 656 726 739 789; x_wconf 86' lang='lat' dir='ltr'><strong>mari</strong></span> <span class='ocrx_word' id='word_1_5' title='bbox 759 758 798 803; x_wconf 91' lang='lat'><strong>··,</strong></span> <span class='ocrx_word' id='word_1_6' title='bbox 818 741 894 788; x_wconf 87' lang='lat' dir='ltr'><strong>oum</strong></span> <span class='ocrx_word' id='word_1_7' title='bbox 914 725 994 788; x_wconf 87' lang='lat' dir='ltr'><strong>haee</strong></span> <span class='ocrx_word' id='word_1_8' title='bbox 1015 723 1111 790; x_wconf 84' lang='lat' dir='ltr'><strong>rerba</strong></span> <span class='ocrx_word' id='word_1_9' title='bbox 1132 722 1216 788; x_wconf 89' lang='lat' dir='ltr'><strong>idem</strong></span> <span class='ocrx_word' id='word_1_10' title='bbox 1239 723 1303 788; x_wconf 82' lang='lat' dir='ltr'><strong>fere</strong></span> <span class='ocrx_word' id='word_1_11' title='bbox 1323 722 1437 806; x_wconf 77' lang='lat' dir='ltr'><strong>signi·-</strong></span> 
     </span>
     <span class='ocr_line' id='line_1_3' title="bbox 382 821 1438 902; baseline -0.005 -16"><span class='ocrx_word' id='word_1_12' title='bbox 382 825 500 901; x_wconf 80' lang='lat' dir='ltr'><strong>fioent3</strong></span> <span class='ocrx_word' id='word_1_13' title='bbox 522 842 559 886; x_wconf 88' lang='lat' dir='ltr'><strong>ea</strong></span> <span class='ocrx_word' id='word_1_14' title='bbox 578 843 655 887; x_wconf 88' lang='lat' dir='ltr'><strong>sane</strong></span> <span class='ocrx_word' id='word_1_15' title='bbox 675 823 806 886; x_wconf 75' lang='lat' dir='ltr'><strong>adhibet</strong></span> <span class='ocrx_word' id='word_1_16' title='bbox 824 822 985 899; x_wconf 78' lang='lat' dir='ltr'><strong>Horatiae</strong></span> <span class='ocrx_word' id='word_1_17' title='bbox 1006 823 1040 884; x_wconf 92' lang='lat' dir='ltr'><strong>in</strong></span> <span class='ocrx_word' id='word_1_18' title='bbox 1062 821 1206 902; x_wconf 85' lang='lat' dir='ltr'><strong>eamdem</strong></span> <span class='ocrx_word' id='word_1_19' title='bbox 1235 841 1311 900; x_wconf 85' lang='lat' dir='ltr'><strong>rem,</strong></span> <span class='ocrx_word' id='word_1_20' title='bbox 1335 822 1438 899; x_wconf 76' lang='grc' dir='ltr'><em>Οππππ,</em></span> 
     </span>
     <span class='ocr_line' id='line_1_4' title="bbox 383 919 1516 1000; baseline -0.006 -14"><span class='ocrx_word' id='word_1_21' title='bbox 383 921 462 986; x_wconf 90' lang='grc'><strong>2.3.</strong></span> <span class='ocrx_word' id='word_1_22' title='bbox 484 921 531 984; x_wconf 90' lang='grc'><strong>19.</strong></span> <span class='ocrx_word' id='word_1_23' title='bbox 553 921 750 984; x_wconf 81' lang='lat' dir='ltr'><strong>-eutraotis</strong></span> <span class='ocrx_word' id='word_1_24' title='bbox 780 921 814 982; x_wconf 91' lang='lat' dir='ltr'><strong>in</strong></span> <span class='ocrx_word' id='word_1_25' title='bbox 843 920 946 985; x_wconf 87' lang='lat' dir='ltr'><strong>altum</strong></span> <span class='ocrx_word' id='word_1_26' title='bbox 975 919 1109 981; x_wconf 82' lang='lat' dir='ltr'><strong>Divitiis</strong></span> <span class='ocrx_word' id='word_1_27' title='bbox 1138 920 1276 1000; x_wconf 88' lang='lat' dir='ltr'><strong>potietur</strong></span> <span class='ocrx_word' id='word_1_28' title='bbox 1305 919 1439 982; x_wconf 81' lang='lat' dir='ltr'><strong>heres-</strong></span> <span class='ocrx_word' id='word_1_29' title='bbox 1515 980 1516 988; x_wconf 9' lang='grc' dir='ltr'>χ</span> 
     </span>
     <span class='ocr_line' id='line_1_5' title="bbox 384 1015 1439 1100; baseline -0.004 -18"><span class='ocrx_word' id='word_1_30' title='bbox 384 1025 415 1082; x_wconf 87' lang='lat' dir='ltr'><strong>et</strong></span> <span class='ocrx_word' id='word_1_31' title='bbox 435 1019 464 1082; x_wconf 93' lang='grc'><strong>2.</strong></span> <span class='ocrx_word' id='word_1_32' title='bbox 485 1018 514 1080; x_wconf 90' lang='lat'><strong>3.</strong></span> <span class='ocrx_word' id='word_1_33' title='bbox 536 1017 585 1080; x_wconf 89' lang='lat'><strong>96.</strong></span> <span class='ocrx_word' id='word_1_34' title='bbox 601 1035 717 1097; x_wconf 90' lang='lat' dir='ltr'><strong>-quas</strong></span> <span class='ocrx_word' id='word_1_35' title='bbox 739 1015 913 1100; x_wconf 73' lang='lat' dir='ltr'><strong>(divitias)</strong></span> <span class='ocrx_word' id='word_1_36' title='bbox 936 1017 993 1096; x_wconf 89' lang='lat' dir='ltr'><strong>qui</strong></span> <span class='ocrx_word' id='word_1_37' title='bbox 1015 1016 1308 1091; x_wconf 71' lang='lat' dir='ltr'><strong>caeremonialia</strong></span> <span class='ocrx_word' id='word_1_38' title='bbox 1326 1015 1439 1086; x_wconf 78' lang='lat' dir='ltr'><strong>Clarus</strong></span> 
     </span>
     <span class='ocr_line' id='line_1_6' title="bbox 383 1101 1439 1194; baseline -0.006 -14"><span class='ocrx_word' id='word_1_39' title='bbox 383 1101 445 1181; x_wconf 86' lang='lat' dir='ltr'><strong>erit</strong></span> <span class='ocrx_word' id='word_1_40' title='bbox 464 1151 497 1179; x_wconf 83' lang='lat'><strong>-.</strong></span> <span class='ocrx_word' id='word_1_41' title='bbox 520 1117 597 1179; x_wconf 88' lang='lat' dir='ltr'><strong>item</strong></span> <span class='ocrx_word' id='word_1_42' title='bbox 618 1115 685 1182; x_wconf 78' lang='lat' dir='ltr'><strong>Sat.</strong></span> <span class='ocrx_word' id='word_1_43' title='bbox 708 1115 734 1178; x_wconf 89' lang='lat'><strong>1.</strong></span> <span class='ocrx_word' id='word_1_44' title='bbox 756 1115 784 1176; x_wconf 92' lang='lat' dir='ltr'><strong>l.</strong></span> <span class='ocrx_word' id='word_1_45' title='bbox 803 1113 854 1176; x_wconf 82' lang='lat'><strong>44.</strong></span> <span class='ocrx_word' id='word_1_46' title='bbox 873 1113 919 1178; x_wconf 88' lang='lat' dir='ltr'><strong>Et</strong></span> <span class='ocrx_word' id='word_1_47' title='bbox 937 1114 1142 1194; x_wconf 87' lang='lat' dir='ltr'><strong>oppositionis</strong></span> <span class='ocrx_word' id='word_1_48' title='bbox 1172 1117 1240 1176; x_wconf 88' lang='lat' dir='ltr'><strong>tota</strong></span> <span class='ocrx_word' id='word_1_49' title='bbox 1272 1114 1323 1176; x_wconf 83' lang='lat' dir='ltr'><strong>vis</strong></span> <span class='ocrx_word' id='word_1_50' title='bbox 1346 1114 1439 1194; x_wconf 86' lang='lat' dir='ltr'><strong>perit,</strong></span> 
     </span>
     <span class='ocr_line' id='line_1_7' title="bbox 382 1210 1437 1293; baseline -0.004 -17"><span class='ocrx_word' id='word_1_51' title='bbox 382 1216 412 1276; x_wconf 86' lang='lat' dir='ltr'><strong>si</strong></span> <span class='ocrx_word' id='word_1_52' title='bbox 431 1229 597 1293; x_wconf 73' lang='lat' dir='ltr'><em>coaequare</em></span> <span class='ocrx_word' id='word_1_53' title='bbox 617 1217 747 1286; x_wconf 81' lang='lat' dir='ltr'><strong>meotes,</strong></span> <span class='ocrx_word' id='word_1_54' title='bbox 770 1211 854 1292; x_wconf 91' lang='lat' dir='ltr'><strong>quod</strong></span> <span class='ocrx_word' id='word_1_55' title='bbox 868 1216 916 1274; x_wconf 92' lang='lat' dir='ltr'><strong>est</strong></span> <span class='ocrx_word' id='word_1_56' title='bbox 931 1211 1002 1274; x_wconf 87' lang='lat' dir='ltr'><strong>illos</strong></span> <span class='ocrx_word' id='word_1_57' title='bbox 1017 1211 1209 1287; x_wconf 83' lang='lat' dir='ltr'><strong>subvertere,</strong></span> <span class='ocrx_word' id='word_1_58' title='bbox 1224 1210 1359 1286; x_wconf 83' lang='lat' dir='ltr'><strong>diruere,</strong></span> <span class='ocrx_word' id='word_1_59' title='bbox 1374 1227 1437 1272; x_wconf 92' lang='lat' dir='ltr'><strong>non</strong></span> 
     </span>
     <span class='ocr_line' id='line_1_8' title="bbox 382 1307 1438 1392; baseline -0.004 -18"><span class='ocrx_word' id='word_1_60' title='bbox 382 1311 480 1374; x_wconf 89' lang='lat' dir='ltr'><strong>habet</strong></span> <span class='ocrx_word' id='word_1_61' title='bbox 498 1311 678 1392; x_wconf 88' lang='lat' dir='ltr'><strong>oppositum</strong></span> <span class='ocrx_word' id='word_1_62' title='bbox 698 1313 842 1376; x_wconf 74' lang='lat' dir='ltr'><strong>calaorra</strong></span> <span class='ocrx_word' id='word_1_63' title='bbox 863 1324 959 1370; x_wconf 81' lang='lat' dir='ltr'><strong>orara</strong></span> <span class='ocrx_word' id='word_1_64' title='bbox 979 1309 1048 1372; x_wconf 87' lang='lat' dir='ltr'><strong>Neo</strong></span> <span class='ocrx_word' id='word_1_65' title='bbox 1067 1308 1197 1376; x_wconf 83' lang='lat' dir='ltr'><strong>lectioni</strong></span> <span class='ocrx_word' id='word_1_66' title='bbox 1226 1307 1331 1372; x_wconf 91' lang='lat' dir='ltr'><strong>obstat</strong></span> <span class='ocrx_word' id='word_1_67' title='bbox 1350 1309 1438 1370; x_wconf 89' lang='lat' dir='ltr'><strong>notio</strong></span> 
     </span>
    </p>
   </div>
   <div class='ocr_carea' id='block_1_3' title="bbox 280 1403 1437 1488">
    <p class='ocr_par' dir='ltr' id='par_1_3' title="bbox 280 1403 1437 1488">
     <span class='ocr_line' id='line_1_9' title="bbox 280 1403 1437 1488; baseline -0.002 -18"><span class='ocrx_word' id='word_1_68' title='bbox 280 1426 282 1430; x_wconf 74' lang='grc'>’</span> <span class='ocrx_word' id='word_1_69' title='bbox 382 1416 479 1488; x_wconf 86' lang='lat' dir='ltr'><strong>atque</strong></span> <span class='ocrx_word' id='word_1_70' title='bbox 508 1424 586 1468; x_wconf 88' lang='lat' dir='ltr'><strong>usus</strong></span> <span class='ocrx_word' id='word_1_71' title='bbox 613 1405 711 1468; x_wconf 87' lang='lat' dir='ltr'><strong>buius</strong></span> <span class='ocrx_word' id='word_1_72' title='bbox 735 1405 843 1482; x_wconf 85' lang='lat' dir='ltr'><strong>vorbi,</strong></span> <span class='ocrx_word' id='word_1_73' title='bbox 865 1414 901 1467; x_wconf 89' lang='lat' dir='ltr'><strong>nt</strong></span> <span class='ocrx_word' id='word_1_74' title='bbox 920 1409 1013 1486; x_wconf 89' lang='lat' dir='ltr'><strong>putat</strong></span> <span class='ocrx_word' id='word_1_75' title='bbox 1032 1403 1222 1470; x_wconf 72' lang='lat' dir='ltr'><strong>Diomedias</strong></span> <span class='ocrx_word' id='word_1_76' title='bbox 1233 1427 1246 1484; x_wconf 90' lang='lat'><strong>‚·</strong></span> <span class='ocrx_word' id='word_1_77' title='bbox 1271 1405 1378 1471; x_wconf 76' lang='lat' dir='ltr'><strong>Cicero</strong></span> <span class='ocrx_word' id='word_1_78' title='bbox 1401 1406 1437 1468; x_wconf 78' lang='lat' dir='ltr'><strong>ia</strong></span> 
     </span>
    </p>
   </div>
   <div class='ocr_carea' id='block_1_4' title="bbox 382 1502 1445 2751">
    <p class='ocr_par' dir='ltr' id='par_1_4' title="bbox 382 1502 1445 2751">
     <span class='ocr_line' id='line_1_10' title="bbox 382 1502 1439 1584; baseline -0.004 -16"><span class='ocrx_word' id='word_1_79' title='bbox 382 1504 530 1568; x_wconf 81' lang='lat' dir='ltr'><strong>Pisonem</strong></span> <span class='ocrx_word' id='word_1_80' title='bbox 550 1519 574 1565; x_wconf 86' lang='lat' dir='ltr'><strong>o.</strong></span> <span class='ocrx_word' id='word_1_81' title='bbox 594 1503 643 1568; x_wconf 88' lang='grc'><strong>21.</strong></span> <span class='ocrx_word' id='word_1_82' title='bbox 662 1502 818 1584; x_wconf 88' lang='lat' dir='ltr'><strong>-partim</strong></span> <span class='ocrx_word' id='word_1_83' title='bbox 839 1502 1002 1566; x_wconf 84' lang='lat' dir='ltr'><strong>devoravit</strong></span> <span class='ocrx_word' id='word_1_84' title='bbox 1016 1520 1100 1564; x_wconf 84' lang='lat' dir='ltr'><strong>nova</strong></span> <span class='ocrx_word' id='word_1_85' title='bbox 1112 1503 1270 1583; x_wconf 81' lang='lat' dir='ltr'><strong>quaedam</strong></span> <span class='ocrx_word' id='word_1_86' title='bbox 1285 1508 1318 1566; x_wconf 89' lang='lat' dir='ltr'><strong>et</strong></span> <span class='ocrx_word' id='word_1_87' title='bbox 1339 1503 1439 1566; x_wconf 85' lang='lat' dir='ltr'><strong>inau-</strong></span> 
     </span>
     <span class='ocr_line' id='line_1_11' title="bbox 384 1599 1438 1681; baseline -0.004 -17"><span class='ocrx_word' id='word_1_88' title='bbox 384 1603 453 1664; x_wconf 89' lang='lat' dir='ltr'><strong>dita</strong></span> <span class='ocrx_word' id='word_1_89' title='bbox 478 1601 640 1675; x_wconf 82' lang='lat' dir='ltr'><strong>luxuries,</strong></span> <span class='ocrx_word' id='word_1_90' title='bbox 667 1600 786 1681; x_wconf 88' lang='lat' dir='ltr'><strong>partim</strong></span> <span class='ocrx_word' id='word_1_91' title='bbox 813 1600 934 1662; x_wconf 90' lang='lat' dir='ltr'><strong>inillis</strong></span> <span class='ocrx_word' id='word_1_92' title='bbox 961 1599 1061 1674; x_wconf 88' lang='lat' dir='ltr'><strong>loois,</strong></span> <span class='ocrx_word' id='word_1_93' title='bbox 1081 1601 1138 1664; x_wconf 88' lang='lat' dir='ltr'><strong>ubi</strong></span> <span class='ocrx_word' id='word_1_94' title='bbox 1158 1601 1266 1663; x_wconf 89' lang='lat' dir='ltr'><strong>omnia</strong></span> <span class='ocrx_word' id='word_1_95' title='bbox 1293 1599 1438 1680; x_wconf 75' lang='lat' dir='ltr'><strong>diripuit,</strong></span> 
     </span>
     <span class='ocr_line' id='line_1_12' title="bbox 383 1696 1442 1780; baseline -0.006 -18"><span class='ocrx_word' id='word_1_96' title='bbox 383 1699 579 1780; x_wconf 79' lang='lat' dir='ltr'><strong>emptiones,</strong></span> <span class='ocrx_word' id='word_1_97' title='bbox 603 1698 721 1778; x_wconf 88' lang='lat' dir='ltr'><strong>partim</strong></span> <span class='ocrx_word' id='word_1_98' title='bbox 748 1697 996 1777; x_wconf 81' lang='lat' dir='ltr'><strong>permutationes</strong></span> <span class='ocrx_word' id='word_1_99' title='bbox 1022 1697 1065 1758; x_wconf 92' lang='lat' dir='ltr'><strong>ad</strong></span> <span class='ocrx_word' id='word_1_100' title='bbox 1093 1696 1180 1760; x_wconf 86' lang='lat' dir='ltr'><strong>huno</strong></span> <span class='ocrx_word' id='word_1_101' title='bbox 1213 1697 1442 1766; x_wconf 82' lang='lat' dir='ltr'><strong>Tusculanum.</strong></span> 
     </span>
     <span class='ocr_line' id='line_1_13' title="bbox 383 1793 1445 1882; baseline 0.003 -25"><span class='ocrx_word' id='word_1_102' title='bbox 383 1800 517 1858; x_wconf 79' lang='lat' dir='ltr'><strong>montera</strong></span> <span class='ocrx_word' id='word_1_103' title='bbox 538 1793 754 1868; x_wconf 74' lang='lat' dir='ltr'><strong>retraendum,</strong></span> <span class='ocrx_word' id='word_1_104' title='bbox 777 1812 851 1870; x_wconf 81' lang='lat' dir='ltr'><strong>oum</strong></span> <span class='ocrx_word' id='word_1_105' title='bbox 867 1793 923 1856; x_wconf 89' lang='lat' dir='ltr'><strong>illa</strong></span> <span class='ocrx_word' id='word_1_106' title='bbox 935 1793 1006 1882; x_wconf 82' lang='lat' dir='ltr'><strong>eius</strong></span> <span class='ocrx_word' id='word_1_107' title='bbox 1020 1793 1203 1858; x_wconf 84' lang='lat' dir='ltr'><strong>intermissa</strong></span> <span class='ocrx_word' id='word_1_108' title='bbox 1224 1793 1445 1860; x_wconf 68' lang='lat' dir='ltr'><strong>intolerabilis,</strong></span> 
     </span>
     <span class='ocr_line' id='line_1_14' title="bbox 384 1889 1438 1972; baseline 0.001 -19"><span class='ocrx_word' id='word_1_109' title='bbox 384 1890 562 1968; x_wconf 65' lang='lat' dir='ltr'><strong>aedificatio</strong></span> <span class='ocrx_word' id='word_1_110' title='bbox 592 1891 788 1953; x_wconf 81' lang='lat' dir='ltr'><strong>constitisset</strong></span> <span class='ocrx_word' id='word_1_111' title='bbox 813 1923 835 1938; x_wconf 90' lang='lat'>-</span> <span class='ocrx_word' id='word_1_112' title='bbox 855 1889 1000 1954; x_wconf 78' lang='lat' dir='ltr'><strong>Ceterum</strong></span> <span class='ocrx_word' id='word_1_113' title='bbox 1031 1893 1156 1972; x_wconf 88' lang='lat' dir='ltr'><strong>aliquid</strong></span> <span class='ocrx_word' id='word_1_114' title='bbox 1185 1891 1316 1959; x_wconf 78' lang='lat' dir='ltr'><strong>concedi</strong></span> <span class='ocrx_word' id='word_1_115' title='bbox 1345 1892 1438 1958; x_wconf 89' lang='lat' dir='ltr'><strong>debet</strong></span> 
     </span>
     <span class='ocr_line' id='line_1_15' title="bbox 384 1983 1437 2069; baseline 0.001 -17"><span class='ocrx_word' id='word_1_116' title='bbox 384 1989 488 2052; x_wconf 51' lang='lat' dir='ltr'><strong>etiam*</strong></span> <span class='ocrx_word' id='word_1_117' title='bbox 503 1988 707 2068; x_wconf 88' lang='lat' dir='ltr'><strong>oppositionis</strong></span> <span class='ocrx_word' id='word_1_118' title='bbox 729 1983 871 2064; x_wconf 85' lang='lat' dir='ltr'><strong>naturae,</strong></span> <span class='ocrx_word' id='word_1_119' title='bbox 892 2007 974 2069; x_wconf 83' lang='lat' dir='ltr'><strong>quaa</strong></span> <span class='ocrx_word' id='word_1_120' title='bbox 986 1991 1064 2054; x_wconf 83' lang='lat' dir='ltr'><strong>feeit</strong></span> <span class='ocrx_word' id='word_1_121' title='bbox 1078 1995 1114 2054; x_wconf 87' lang='lat' dir='ltr'><strong>ut</strong></span> <span class='ocrx_word' id='word_1_122' title='bbox 1127 1990 1264 2056; x_wconf 88' lang='lat' dir='ltr'><strong>alterum</strong></span> <span class='ocrx_word' id='word_1_123' title='bbox 1280 1989 1321 2054; x_wconf 89' lang='lat' dir='ltr'><strong>ab</strong></span> <span class='ocrx_word' id='word_1_124' title='bbox 1335 1990 1437 2054; x_wconf 89' lang='lat' dir='ltr'><strong>altero</strong></span> 
     </span>
     <span class='ocr_line' id='line_1_16' title="bbox 383 2085 1441 2168; baseline -0.001 -20"><span class='ocrx_word' id='word_1_125' title='bbox 383 2085 492 2148; x_wconf 85' lang='lat' dir='ltr'><strong>leuem</strong></span> <span class='ocrx_word' id='word_1_126' title='bbox 510 2092 542 2148; x_wconf 84' lang='lat' dir='ltr'><strong>et</strong></span> <span class='ocrx_word' id='word_1_127' title='bbox 555 2085 620 2148; x_wconf 85' lang='lat' dir='ltr'><strong>vim</strong></span> <span class='ocrx_word' id='word_1_128' title='bbox 636 2085 845 2165; x_wconf 81' lang='lat' dir='ltr'><strong>significandi</strong></span> <span class='ocrx_word' id='word_1_129' title='bbox 859 2087 1005 2168; x_wconf 88' lang='lat' dir='ltr'><strong>aeoipiat,</strong></span> <span class='ocrx_word' id='word_1_130' title='bbox 1019 2088 1095 2150; x_wconf 87' lang='lat' dir='ltr'><strong>lieet</strong></span> <span class='ocrx_word' id='word_1_131' title='bbox 1109 2086 1270 2152; x_wconf 84' lang='lat' dir='ltr'><strong>interdum</strong></span> <span class='ocrx_word' id='word_1_132' title='bbox 1291 2104 1441 2151; x_wconf 81' lang='lat' dir='ltr'><strong>eommu-</strong></span> 
     </span>
     <span class='ocr_line' id='line_1_17' title="bbox 383 2182 1442 2262; baseline 0 -16"><span class='ocrx_word' id='word_1_133' title='bbox 383 2185 457 2246; x_wconf 90' lang='lat' dir='ltr'><strong>nior</strong></span> <span class='ocrx_word' id='word_1_134' title='bbox 476 2200 556 2246; x_wconf 88' lang='lat' dir='ltr'><strong>usus</strong></span> <span class='ocrx_word' id='word_1_135' title='bbox 576 2182 726 2262; x_wconf 89' lang='lat' dir='ltr'><strong>loquendi</strong></span> <span class='ocrx_word' id='word_1_136' title='bbox 747 2183 871 2252; x_wconf 86' lang='lat' dir='ltr'><strong>obstare</strong></span> <span class='ocrx_word' id='word_1_137' title='bbox 890 2184 1180 2252; x_wconf 81' lang='lat' dir='ltr'><strong>videatur.1nloeo</strong></span> <span class='ocrx_word' id='word_1_138' title='bbox 1199 2183 1345 2248; x_wconf 80' lang='lat' dir='ltr'><strong>Caesaris</strong></span> <span class='ocrx_word' id='word_1_139' title='bbox 1358 2201 1442 2262; x_wconf 84' lang='lat' dir='ltr'><strong>age-</strong></span> 
     </span>
     <span class='ocr_line' id='line_1_18' title="bbox 385 2279 1440 2363; baseline 0.001 -19"><span class='ocrx_word' id='word_1_140' title='bbox 385 2281 483 2344; x_wconf 86' lang='lat' dir='ltr'><strong>batur</strong></span> <span class='ocrx_word' id='word_1_141' title='bbox 504 2281 543 2344; x_wconf 91' lang='lat' dir='ltr'><strong>de</strong></span> <span class='ocrx_word' id='word_1_142' title='bbox 556 2279 746 2344; x_wconf 86' lang='lat' dir='ltr'><strong>removenda</strong></span> <span class='ocrx_word' id='word_1_143' title='bbox 765 2279 952 2344; x_wconf 80' lang='lat' dir='ltr'><strong>difficultate</strong></span> <span class='ocrx_word' id='word_1_144' title='bbox 965 2286 1072 2346; x_wconf 85' lang='lat' dir='ltr'><strong>aestus</strong></span> <span class='ocrx_word' id='word_1_145' title='bbox 1093 2281 1440 2363; x_wconf 68' lang='lat' dir='ltr'><strong>reciperandamque</strong></span> 
     </span>
     <span class='ocr_line' id='line_1_19' title="bbox 385 2376 1442 2460; baseline 0 -20"><span class='ocrx_word' id='word_1_146' title='bbox 385 2379 425 2440; x_wconf 87' lang='lat' dir='ltr'><strong>de</strong></span> <span class='ocrx_word' id='word_1_147' title='bbox 438 2376 639 2441; x_wconf 82' lang='lat' dir='ltr'><strong>stabiliendis</strong></span> <span class='ocrx_word' id='word_1_148' title='bbox 650 2379 798 2458; x_wconf 87' lang='lat' dir='ltr'><strong>operibus</strong></span> <span class='ocrx_word' id='word_1_149' title='bbox 812 2379 852 2440; x_wconf 92' lang='lat' dir='ltr'><strong>ad</strong></span> <span class='ocrx_word' id='word_1_150' title='bbox 868 2378 1082 2460; x_wconf 82' lang='lat' dir='ltr'><strong>oppugnanda</strong></span> <span class='ocrx_word' id='word_1_151' title='bbox 1102 2378 1215 2460; x_wconf 89' lang='lat' dir='ltr'><strong>oppida</strong></span> <span class='ocrx_word' id='word_1_152' title='bbox 1235 2379 1269 2441; x_wconf 91' lang='lat' dir='ltr'><strong>in</strong></span> <span class='ocrx_word' id='word_1_153' title='bbox 1287 2396 1442 2460; x_wconf 83' lang='lat' dir='ltr'><strong>promon-</strong></span> 
     </span>
     <span class='ocr_line' id='line_1_20' title="bbox 384 2474 1440 2551; baseline -0.001 -14"><span class='ocrx_word' id='word_1_154' title='bbox 384 2476 476 2538; x_wconf 87' lang='lat' dir='ltr'><strong>toriis</strong></span> <span class='ocrx_word' id='word_1_155' title='bbox 491 2474 657 2551; x_wconf 88' lang='lat' dir='ltr'><strong>sita;·inde</strong></span> <span class='ocrx_word' id='word_1_156' title='bbox 671 2475 836 2535; x_wconf 70' lang='lat' dir='ltr'><strong>retrudere</strong></span> <span class='ocrx_word' id='word_1_157' title='bbox 850 2475 916 2535; x_wconf 88' lang='lat' dir='ltr'><strong>loeo</strong></span> <span class='ocrx_word' id='word_1_158' title='bbox 931 2493 988 2536; x_wconf 91' lang='lat' dir='ltr'><strong>suo</strong></span> <span class='ocrx_word' id='word_1_159' title='bbox 1001 2474 1137 2536; x_wconf 86' lang='lat' dir='ltr'><strong>dietum:</strong></span> <span class='ocrx_word' id='word_1_160' title='bbox 1152 2477 1185 2538; x_wconf 91' lang='lat' dir='ltr'><strong>in</strong></span> <span class='ocrx_word' id='word_1_161' title='bbox 1197 2474 1356 2540; x_wconf 77' lang='lat' dir='ltr'><strong>Sallustii</strong></span> <span class='ocrx_word' id='word_1_162' title='bbox 1366 2493 1440 2538; x_wconf 83' lang='lat' dir='ltr'><strong>vero</strong></span> 
     </span>
     <span class='ocr_line' id='line_1_21' title="bbox 383 2569 1440 2650; baseline 0.003 -15"><span class='ocrx_word' id='word_1_163' title='bbox 383 2574 463 2636; x_wconf 86' lang='lat' dir='ltr'><strong>louis</strong></span> <span class='ocrx_word' id='word_1_164' title='bbox 484 2571 595 2650; x_wconf 76' lang='lat' dir='ltr'><strong>agitur</strong></span> <span class='ocrx_word' id='word_1_165' title='bbox 615 2570 653 2632; x_wconf 89' lang='lat' dir='ltr'><strong>de</strong></span> <span class='ocrx_word' id='word_1_166' title='bbox 673 2570 808 2640; x_wconf 88' lang='lat' dir='ltr'><strong>libidine</strong></span> <span class='ocrx_word' id='word_1_167' title='bbox 829 2569 1017 2634; x_wconf 77' lang='lat' dir='ltr'><strong>aedificandi</strong></span> <span class='ocrx_word' id='word_1_168' title='bbox 1038 2575 1071 2634; x_wconf 89' lang='lat' dir='ltr'><strong>et</strong></span> <span class='ocrx_word' id='word_1_169' title='bbox 1091 2572 1131 2636; x_wconf 91' lang='lat' dir='ltr'><strong>de</strong></span> <span class='ocrx_word' id='word_1_170' title='bbox 1151 2572 1273 2636; x_wconf 88' lang='lat' dir='ltr'><strong>duobus</strong></span> <span class='ocrx_word' id='word_1_171' title='bbox 1295 2573 1363 2636; x_wconf 90' lang='lat' dir='ltr'><strong>illis</strong></span> <span class='ocrx_word' id='word_1_172' title='bbox 1376 2573 1440 2639; x_wconf 49' lang='lat' dir='ltr'><strong>¹la·-</strong></span> 
     </span>
     <span class='ocr_line' id='line_1_22' title="bbox 385 2667 1439 2751; baseline 0.003 -21"><span class='ocrx_word' id='word_1_173' title='bbox 385 2670 497 2731; x_wconf 83' lang='lat' dir='ltr'><strong>xnriae</strong></span> <span class='ocrx_word' id='word_1_174' title='bbox 510 2667 686 2740; x_wconf 86' lang='lat' dir='ltr'><strong>miraoulis,</strong></span> <span class='ocrx_word' id='word_1_175' title='bbox 703 2684 785 2745; x_wconf 89' lang='lat' dir='ltr'><strong>quae</strong></span> <span class='ocrx_word' id='word_1_176' title='bbox 799 2667 913 2734; x_wconf 84' lang='lat' dir='ltr'><strong>iterum</strong></span> <span class='ocrx_word' id='word_1_177' title='bbox 925 2671 1020 2735; x_wconf 48' lang='lat' dir='ltr'><strong>¹tarnat</strong></span> <span class='ocrx_word' id='word_1_178' title='bbox 1033 2669 1139 2732; x_wconf 84' lang='lat' dir='ltr'><strong>verbis</strong></span> <span class='ocrx_word' id='word_1_179' title='bbox 1153 2671 1306 2751; x_wconf 86' lang='lat' dir='ltr'><strong>oppositis</strong></span> <span class='ocrx_word' id='word_1_180' title='bbox 1319 2704 1340 2718; x_wconf 94' lang='lat'><em>-</em></span> <span class='ocrx_word' id='word_1_181' title='bbox 1353 2689 1439 2742; x_wconf 76' lang='lat' dir='ltr'><strong>nora</strong></span> 
     </span>
    </p>
   </div>
   <div class='ocr_carea' id='block_1_5' title="bbox 277 2762 1437 2844">
    <p class='ocr_par' dir='ltr' id='par_1_5' title="bbox 277 2762 1437 2844">
     <span class='ocr_line' id='line_1_23' title="bbox 277 2762 1437 2844; baseline 0.001 -16"><span class='ocrx_word' id='word_1_182' title='bbox 277 2836 280 2842; x_wconf 49' lang='grc'>,</span> <span class='ocrx_word' id='word_1_183' title='bbox 385 2767 529 2844; x_wconf 86' lang='lat' dir='ltr'><strong>diruunt,</strong></span> <span class='ocrx_word' id='word_1_184' title='bbox 547 2765 612 2826; x_wconf 90' lang='lat' dir='ltr'><strong>alia</strong></span> <span class='ocrx_word' id='word_1_185' title='bbox 631 2763 800 2841; x_wconf 67' lang='lat' dir='ltr'><strong>aedificant</strong></span> <span class='ocrx_word' id='word_1_186' title='bbox 812 2797 845 2840; x_wconf 90' lang='lat'><strong>-,</strong></span> <span class='ocrx_word' id='word_1_187' title='bbox 871 2762 938 2828; x_wconf 77' lang='lat' dir='ltr'><strong>Cot.</strong></span> <span class='ocrx_word' id='word_1_188' title='bbox 958 2765 1007 2828; x_wconf 88' lang='grc'><strong>20.</strong></span> <span class='ocrx_word' id='word_1_189' title='bbox 1024 2765 1085 2844; x_wconf 88' lang='grc'><strong>12.,·</strong></span> <span class='ocrx_word' id='word_1_190' title='bbox 1099 2767 1207 2830; x_wconf 90' lang='lat' dir='ltr'><strong>eadem</strong></span> <span class='ocrx_word' id='word_1_191' title='bbox 1224 2767 1320 2833; x_wconf 81' lang='lat' dir='ltr'><strong>rerba</strong></span> <span class='ocrx_word' id='word_1_192' title='bbox 1335 2767 1437 2838; x_wconf 91' lang='lat' dir='ltr'><strong>adhi-</strong></span> 
     </span>
    </p>
   </div>
   <div class='ocr_carea' id='block_1_6' title="bbox 379 2861 1439 3728">
    <p class='ocr_par' dir='ltr' id='par_1_6' title="bbox 379 2861 1439 3142">
     <span class='ocr_line' id='line_1_24' title="bbox 384 2861 1437 2941; baseline 0 -13"><span class='ocrx_word' id='word_1_193' title='bbox 384 2865 438 2928; x_wconf 87' lang='lat' dir='ltr'><strong>bet</strong></span> <span class='ocrx_word' id='word_1_194' title='bbox 456 2863 616 2926; x_wconf 73' lang='lat' dir='ltr'><strong>Horatiae</strong></span> <span class='ocrx_word' id='word_1_195' title='bbox 636 2861 741 2941; x_wconf 79' lang='lat' dir='ltr'><strong>Epist.</strong></span> <span class='ocrx_word' id='word_1_196' title='bbox 763 2861 793 2924; x_wconf 91' lang='lat' dir='ltr'><strong>l.</strong></span> <span class='ocrx_word' id='word_1_197' title='bbox 813 2862 840 2924; x_wconf 91' lang='lat' dir='ltr'><strong>l.</strong></span> <span class='ocrx_word' id='word_1_198' title='bbox 862 2861 909 2923; x_wconf 89' lang='grc'><strong>10.</strong></span> <span class='ocrx_word' id='word_1_199' title='bbox 929 2863 1071 2926; x_wconf 85' lang='lat' dir='ltr'><strong>-diruit</strong></span> <span class='ocrx_word' id='word_1_200' title='bbox 1092 2864 1242 2928; x_wconf 82' lang='lat' dir='ltr'><strong>aedificat</strong></span> <span class='ocrx_word' id='word_1_201' title='bbox 1254 2899 1276 2912; x_wconf 85' lang='lat'>-</span> <span class='ocrx_word' id='word_1_202' title='bbox 1297 2865 1347 2928; x_wconf 84' lang='lat' dir='ltr'><strong>Ad</strong></span> <span class='ocrx_word' id='word_1_203' title='bbox 1361 2883 1437 2928; x_wconf 89' lang='lat' dir='ltr'><strong>ma-</strong></span> 
     </span>
     <span class='ocr_line' id='line_1_25' title="bbox 384 2959 1439 3030; baseline 0.002 -6"><span class='ocrx_word' id='word_1_204' title='bbox 384 2963 499 3026; x_wconf 88' lang='lat' dir='ltr'><strong>teriam</strong></span> <span class='ocrx_word' id='word_1_205' title='bbox 529 2959 603 3026; x_wconf 86' lang='lat' dir='ltr'><strong>vide</strong></span> <span class='ocrx_word' id='word_1_206' title='bbox 622 2959 737 3022; x_wconf 74' lang='lat' dir='ltr'><strong>‘adhue</strong></span> <span class='ocrx_word' id='word_1_207' title='bbox 765 2959 940 3030; x_wconf 78' lang='lat' dir='ltr'><strong>Horatium</strong></span> <span class='ocrx_word' id='word_1_208' title='bbox 973 2959 1076 3024; x_wconf 76' lang='lat' dir='ltr'><strong>eorm.</strong></span> <span class='ocrx_word' id='word_1_209' title='bbox 1108 2961 1136 3024; x_wconf 91' lang='lat'><strong>3.</strong></span> <span class='ocrx_word' id='word_1_210' title='bbox 1166 2962 1215 3026; x_wconf 81' lang='lat'><strong>24.</strong></span> <span class='ocrx_word' id='word_1_211' title='bbox 1237 2963 1266 3025; x_wconf 89' lang='grc'><strong>3.</strong></span> <span class='ocrx_word' id='word_1_212' title='bbox 1287 2963 1368 3028; x_wconf 79' lang='lat' dir='ltr'><strong>et2.</strong></span> <span class='ocrx_word' id='word_1_213' title='bbox 1389 2961 1439 3026; x_wconf 89' lang='lat'><strong>15.</strong></span> 
     </span>
     <span class='ocr_line' id='line_1_26' title="bbox 379 3059 552 3142; baseline -0.006 -22"><span class='ocrx_word' id='word_1_214' title='bbox 379 3059 552 3142; x_wconf 74' lang='lat' dir='ltr'><strong>poiaou‘pio.</strong></span> 
     </span>
    </p>

    <p class='ocr_par' dir='ltr' id='par_1_7' title="bbox 386 3154 1436 3330">
     <span class='ocr_line' id='line_1_27' title="bbox 466 3154 1436 3239; baseline 0.004 -23"><span class='ocrx_word' id='word_1_215' title='bbox 466 3155 499 3216; x_wconf 83' lang='lat'><strong>0.</strong></span> <span class='ocrx_word' id='word_1_216' title='bbox 520 3155 566 3216; x_wconf 91' lang='grc'><strong>13.</strong></span> <span class='ocrx_word' id='word_1_217' title='bbox 587 3155 606 3216; x_wconf 90' lang='lat'><strong>3</strong></span> <span class='ocrx_word' id='word_1_218' title='bbox 628 3175 645 3216; x_wconf 81' lang='lat' dir='ltr'><strong>u</strong></span> <span class='ocrx_word' id='word_1_219' title='bbox 666 3154 803 3220; x_wconf 89' lang='lat' dir='ltr'><strong>dormire</strong></span> <span class='ocrx_word' id='word_1_220' title='bbox 821 3157 912 3238; x_wconf 86' lang='lat' dir='ltr'><strong>prius</strong></span> <span class='ocrx_word' id='word_1_221' title='bbox 932 3174 1030 3238; x_wconf 89' lang='lat' dir='ltr'><strong>quam</strong></span> <span class='ocrx_word' id='word_1_222' title='bbox 1050 3156 1154 3221; x_wconf 88' lang='lat' dir='ltr'><strong>sumni</strong></span> <span class='ocrx_word' id='word_1_223' title='bbox 1175 3155 1295 3239; x_wconf 82' lang='lat' dir='ltr'><strong>cupido</strong></span> <span class='ocrx_word' id='word_1_224' title='bbox 1315 3160 1436 3223; x_wconf 76' lang='lat' dir='ltr'><strong>esset»</strong></span> 
     </span>
     <span class='ocr_line' id='line_1_28' title="bbox 386 3251 678 3330; baseline -0.003 -13"><span class='ocrx_word' id='word_1_225' title='bbox 386 3254 426 3318; x_wconf 87' lang='lat' dir='ltr'><strong>of.</strong></span> <span class='ocrx_word' id='word_1_226' title='bbox 446 3253 521 3329; x_wconf 74' lang='grc' dir='ltr'><strong>Ιππ.</strong></span> <span class='ocrx_word' id='word_1_227' title='bbox 538 3252 587 3316; x_wconf 86' lang='grc'><strong>89.</strong></span> <span class='ocrx_word' id='word_1_228' title='bbox 599 3251 678 3330; x_wconf 78' lang='lat' dir='ltr'><strong>fiae.</strong></span> 
     </span>
    </p>

    <p class='ocr_par' dir='ltr' id='par_1_8' title="bbox 386 3349 1439 3728">
     <span class='ocr_line' id='line_1_29' title="bbox 466 3349 1438 3432; baseline 0.002 -20"><span class='ocrx_word' id='word_1_229' title='bbox 466 3349 500 3413; x_wconf 82' lang='lat'><strong>0.</strong></span> <span class='ocrx_word' id='word_1_230' title='bbox 522 3349 568 3412; x_wconf 82' lang='lat'><strong>14.</strong></span> <span class='ocrx_word' id='word_1_231' title='bbox 588 3350 618 3413; x_wconf 92' lang='grc'><strong>2.</strong></span> <span class='ocrx_word' id='word_1_232' title='bbox 640 3369 658 3408; x_wconf 84' lang='grc'><strong>&lt;&lt;</strong></span> <span class='ocrx_word' id='word_1_233' title='bbox 678 3350 872 3432; x_wconf 78' lang='lat' dir='ltr'><strong>quicumque</strong></span> <span class='ocrx_word' id='word_1_234' title='bbox 886 3351 1069 3432; x_wconf 84' lang='lat' dir='ltr'><strong>impediens</strong></span> <span class='ocrx_word' id='word_1_235' title='bbox 1083 3351 1208 3416; x_wconf 87' lang='lat' dir='ltr'><strong>adulter</strong></span> <span class='ocrx_word' id='word_1_236' title='bbox 1221 3369 1325 3432; x_wconf 83' lang='lat' dir='ltr'><strong>ganeo</strong></span> <span class='ocrx_word' id='word_1_237' title='bbox 1339 3369 1438 3417; x_wconf 82' lang='lat' dir='ltr'><strong>manu</strong></span> 
     </span>
     <span class='ocr_line' id='line_1_30' title="bbox 386 3448 1437 3530; baseline 0.001 -17"><span class='ocrx_word' id='word_1_238' title='bbox 386 3453 495 3513; x_wconf 81' lang='lat' dir='ltr'><strong>ventre</strong></span> <span class='ocrx_word' id='word_1_239' title='bbox 514 3467 592 3530; x_wconf 87' lang='lat' dir='ltr'><strong>pene</strong></span> <span class='ocrx_word' id='word_1_240' title='bbox 612 3448 694 3512; x_wconf 88' lang='lat' dir='ltr'><strong>bona</strong></span> <span class='ocrx_word' id='word_1_241' title='bbox 713 3449 817 3529; x_wconf 88' lang='lat' dir='ltr'><strong>patria</strong></span> <span class='ocrx_word' id='word_1_242' title='bbox 838 3450 1033 3512; x_wconf 80' lang='lat' dir='ltr'><strong>laceraverat</strong></span> <span class='ocrx_word' id='word_1_243' title='bbox 1053 3471 1072 3510; x_wconf 92' lang='lat'><strong>&gt;›</strong></span> <span class='ocrx_word' id='word_1_244' title='bbox 1091 3448 1130 3527; x_wconf 74' lang='lat' dir='ltr'><strong>ln</strong></span> <span class='ocrx_word' id='word_1_245' title='bbox 1154 3449 1322 3512; x_wconf 87' lang='lat' dir='ltr'><strong>nonnullis</strong></span> <span class='ocrx_word' id='word_1_246' title='bbox 1343 3451 1437 3515; x_wconf 83' lang='lat' dir='ltr'><strong>libris</strong></span> 
     </span>
     <span class='ocr_line' id='line_1_31' title="bbox 386 3545 1438 3630; baseline 0.001 -19"><span class='ocrx_word' id='word_1_247' title='bbox 386 3549 438 3611; x_wconf 84' lang='lat' dir='ltr'><strong>val</strong></span> <span class='ocrx_word' id='word_1_248' title='bbox 457 3553 529 3630; x_wconf 88' lang='lat' dir='ltr'><strong>post</strong></span> <span class='ocrx_word' id='word_1_249' title='bbox 553 3562 650 3608; x_wconf 81' lang='lat' dir='ltr'><strong>morta</strong></span> <span class='ocrx_word' id='word_1_250' title='bbox 679 3547 825 3626; x_wconf 88' lang='lat' dir='ltr'><strong>sequitur</strong></span> <span class='ocrx_word' id='word_1_251' title='bbox 845 3546 933 3620; x_wconf 85' lang='lat' dir='ltr'><strong>alra,</strong></span> <span class='ocrx_word' id='word_1_252' title='bbox 954 3545 1005 3608; x_wconf 82' lang='lat' dir='ltr'><strong>vel</strong></span> <span class='ocrx_word' id='word_1_253' title='bbox 1025 3545 1149 3610; x_wconf 86' lang='lat' dir='ltr'><strong>isthaeo</strong></span> <span class='ocrx_word' id='word_1_254' title='bbox 1169 3566 1231 3610; x_wconf 83' lang='lat' dir='ltr'><strong>vox</strong></span> <span class='ocrx_word' id='word_1_255' title='bbox 1259 3565 1314 3630; x_wconf 88' lang='lat' dir='ltr'><strong>pro</strong></span> <span class='ocrx_word' id='word_1_256' title='bbox 1341 3563 1438 3613; x_wconf 80' lang='lat' dir='ltr'><strong>meaa</strong></span> 
     </span>
     <span class='ocr_line' id='line_1_32' title="bbox 387 3643 1439 3728; baseline 0.004 -22"><span class='ocrx_word' id='word_1_257' title='bbox 387 3644 563 3707; x_wconf 87' lang='lat' dir='ltr'><strong>substituta</strong></span> <span class='ocrx_word' id='word_1_258' title='bbox 583 3649 650 3720; x_wconf 90' lang='lat' dir='ltr'><strong>est,</strong></span> <span class='ocrx_word' id='word_1_259' title='bbox 671 3644 756 3708; x_wconf 90' lang='lat' dir='ltr'><strong>unde</strong></span> <span class='ocrx_word' id='word_1_260' title='bbox 775 3643 846 3706; x_wconf 77' lang='lat' dir='ltr'><strong>oleo</strong></span> <span class='ocrx_word' id='word_1_261' title='bbox 866 3643 1025 3722; x_wconf 80' lang='lat' dir='ltr'><strong>glossema</strong></span> <span class='ocrx_word' id='word_1_262' title='bbox 1049 3661 1118 3710; x_wconf 87' lang='lat' dir='ltr'><strong>esse</strong></span> <span class='ocrx_word' id='word_1_263' title='bbox 1137 3644 1327 3728; x_wconf 88' lang='lat' dir='ltr'><strong>Interpretes</strong></span> <span class='ocrx_word' id='word_1_264' title='bbox 1347 3646 1439 3710; x_wconf 84' lang='lat' dir='ltr'><strong>iudi-</strong></span> 
     </span>
    </p>
   </div>
   <div class='ocr_carea' id='block_1_7' title="bbox 386 3740 1440 4416">
    <p class='ocr_par' dir='ltr' id='par_1_9' title="bbox 386 3740 1440 4416">
     <span class='ocr_line' id='line_1_33' title="bbox 386 3740 1440 3825; baseline 0.004 -21"><span class='ocrx_word' id='word_1_265' title='bbox 386 3747 511 3804; x_wconf 83' lang='lat' dir='ltr'><strong>cerunt.</strong></span> <span class='ocrx_word' id='word_1_266' title='bbox 526 3741 564 3804; x_wconf 89' lang='lat' dir='ltr'><strong>Iu</strong></span> <span class='ocrx_word' id='word_1_267' title='bbox 584 3740 721 3823; x_wconf 88' lang='lat' dir='ltr'><strong>pedestri</strong></span> <span class='ocrx_word' id='word_1_268' title='bbox 743 3760 885 3804; x_wconf 88' lang='lat' dir='ltr'><strong>sermone</strong></span> <span class='ocrx_word' id='word_1_269' title='bbox 906 3742 1012 3820; x_wconf 81' lang='lat' dir='ltr'><strong>magis</strong></span> <span class='ocrx_word' id='word_1_270' title='bbox 1035 3741 1187 3806; x_wconf 88' lang='lat' dir='ltr'><strong>arrideret</strong></span> <span class='ocrx_word' id='word_1_271' title='bbox 1201 3743 1280 3818; x_wconf 85' lang='lat' dir='ltr'><strong>alea,</strong></span> <span class='ocrx_word' id='word_1_272' title='bbox 1295 3763 1391 3825; x_wconf 88' lang='lat' dir='ltr'><strong>quam</strong></span> <span class='ocrx_word' id='word_1_273' title='bbox 1406 3749 1440 3809; x_wconf 85' lang='lat' dir='ltr'><strong>et</strong></span> 
     </span>
     <span class='ocr_line' id='line_1_34' title="bbox 388 3838 1438 3921; baseline 0.007 -19"><span class='ocrx_word' id='word_1_274' title='bbox 388 3841 448 3919; x_wconf 88' lang='lat' dir='ltr'><strong>ipsi</strong></span> <span class='ocrx_word' id='word_1_275' title='bbox 464 3845 573 3920; x_wconf 76' lang='lat' dir='ltr'><strong>potitae</strong></span> <span class='ocrx_word' id='word_1_276' title='bbox 587 3843 743 3920; x_wconf 90' lang='lat' dir='ltr'><strong>usurpant</strong></span> <span class='ocrx_word' id='word_1_277' title='bbox 757 3841 791 3900; x_wconf 92' lang='lat' dir='ltr'><strong>in</strong></span> <span class='ocrx_word' id='word_1_278' title='bbox 806 3838 921 3901; x_wconf 89' lang='lat' dir='ltr'><strong>damno</strong></span> <span class='ocrx_word' id='word_1_279' title='bbox 939 3840 1101 3919; x_wconf 85' lang='lat' dir='ltr'><strong>pecuniae.</strong></span> <span class='ocrx_word' id='word_1_280' title='bbox 1116 3842 1276 3904; x_wconf 80' lang='lat' dir='ltr'><strong>Horatiae</strong></span> <span class='ocrx_word' id='word_1_281' title='bbox 1289 3842 1394 3921; x_wconf 73' lang='lat' dir='ltr'><strong>aptet.</strong></span> <span class='ocrx_word' id='word_1_282' title='bbox 1410 3841 1438 3909; x_wconf 88' lang='lat'><strong>1.</strong></span> 
     </span>
     <span class='ocr_line' id='line_1_35' title="bbox 389 3937 1440 4020; baseline 0.004 -22"><span class='ocrx_word' id='word_1_283' title='bbox 389 3937 437 3998; x_wconf 89' lang='grc'><strong>18.</strong></span> <span class='ocrx_word' id='word_1_284' title='bbox 447 3937 496 4000; x_wconf 90' lang='grc'><strong>21.</strong></span> <span class='ocrx_word' id='word_1_285' title='bbox 508 3971 531 3982; x_wconf 95' lang='grc'>-</span> <span class='ocrx_word' id='word_1_286' title='bbox 545 3937 643 4010; x_wconf 87' lang='lat' dir='ltr'><strong>Quem</strong></span> <span class='ocrx_word' id='word_1_287' title='bbox 655 3937 808 4000; x_wconf 87' lang='lat' dir='ltr'><strong>damnosa</strong></span> <span class='ocrx_word' id='word_1_288' title='bbox 819 3954 929 4012; x_wconf 85' lang='lat' dir='ltr'><strong>venus,</strong></span> <span class='ocrx_word' id='word_1_289' title='bbox 949 3955 1043 4017; x_wconf 89' lang='lat' dir='ltr'><strong>quem</strong></span> <span class='ocrx_word' id='word_1_290' title='bbox 1057 3955 1206 4020; x_wconf 81' lang='lat' dir='ltr'><strong>praeceps</strong></span> <span class='ocrx_word' id='word_1_291' title='bbox 1221 3940 1291 4002; x_wconf 90' lang='lat' dir='ltr'><strong>alea</strong></span> <span class='ocrx_word' id='word_1_292' title='bbox 1304 3938 1406 4004; x_wconf 84' lang='lat' dir='ltr'><strong>nudat</strong></span> <span class='ocrx_word' id='word_1_293' title='bbox 1418 3971 1440 3992; x_wconf 81' lang='lat'><strong>··</strong></span> 
     </span>
     <span class='ocr_line' id='line_1_36' title="bbox 391 4032 1437 4114; baseline 0.002 -15"><span class='ocrx_word' id='word_1_294' title='bbox 391 4032 578 4099; x_wconf 74' lang='lat' dir='ltr'><strong>aerarias</strong></span> <span class='ocrx_word' id='word_1_295' title='bbox 598 4035 716 4098; x_wconf 88' lang='lat' dir='ltr'><strong>fatetur</strong></span> <span class='ocrx_word' id='word_1_296' title='bbox 736 4035 840 4098; x_wconf 89' lang='lat' dir='ltr'><strong>rarius</strong></span> <span class='ocrx_word' id='word_1_297' title='bbox 861 4051 1023 4100; x_wconf 83' lang='lat' dir='ltr'><strong>occurrere</strong></span> <span class='ocrx_word' id='word_1_298' title='bbox 1041 4050 1155 4100; x_wconf 78' lang='lat' dir='ltr'><strong>moreat</strong></span> <span class='ocrx_word' id='word_1_299' title='bbox 1176 4037 1211 4096; x_wconf 89' lang='lat' dir='ltr'><strong>in</strong></span> <span class='ocrx_word' id='word_1_300' title='bbox 1235 4035 1297 4100; x_wconf 86' lang='lat' dir='ltr'><strong>bae</strong></span> <span class='ocrx_word' id='word_1_301' title='bbox 1323 4036 1437 4114; x_wconf 79' lang='lat' dir='ltr'><strong>signi-</strong></span> 
     </span>
     <span class='ocr_line' id='line_1_37' title="bbox 387 4131 1439 4208; baseline 0.003 -14"><span class='ocrx_word' id='word_1_302' title='bbox 387 4132 534 4196; x_wconf 79' lang='lat' dir='ltr'><strong>litatione</strong></span> <span class='ocrx_word' id='word_1_303' title='bbox 548 4131 603 4194; x_wconf 88' lang='lat' dir='ltr'><strong>sed</strong></span> <span class='ocrx_word' id='word_1_304' title='bbox 616 4136 723 4196; x_wconf 88' lang='lat' dir='ltr'><strong>tamen</strong></span> <span class='ocrx_word' id='word_1_305' title='bbox 737 4133 917 4196; x_wconf 85' lang='lat' dir='ltr'><strong>confirmari</strong></span> <span class='ocrx_word' id='word_1_306' title='bbox 930 4131 1073 4196; x_wconf 75' lang='lat' dir='ltr'><strong>Suetonii</strong></span> <span class='ocrx_word' id='word_1_307' title='bbox 1086 4134 1162 4208; x_wconf 88' lang='lat' dir='ltr'><strong>loeo,</strong></span> <span class='ocrx_word' id='word_1_308' title='bbox 1184 4131 1287 4196; x_wconf 80' lang='lat' dir='ltr'><strong>Oetae.</strong></span> <span class='ocrx_word' id='word_1_309' title='bbox 1311 4131 1342 4196; x_wconf 82' lang='lat' dir='ltr'><strong>C.</strong></span> <span class='ocrx_word' id='word_1_310' title='bbox 1356 4131 1405 4197; x_wconf 81' lang='lat' dir='ltr'><strong>tl.</strong></span> <span class='ocrx_word' id='word_1_311' title='bbox 1418 4165 1439 4186; x_wconf 71' lang='grc' dir='ltr'><strong>-ι</strong></span> 
     </span>
     <span class='ocr_line' id='line_1_38' title="bbox 388 4230 1437 4312; baseline 0 -18"><span class='ocrx_word' id='word_1_312' title='bbox 388 4248 470 4312; x_wconf 88' lang='lat' dir='ltr'><strong>quas</strong></span> <span class='ocrx_word' id='word_1_313' title='bbox 490 4248 605 4294; x_wconf 90' lang='lat' dir='ltr'><strong>manus</strong></span> <span class='ocrx_word' id='word_1_314' title='bbox 626 4231 744 4294; x_wconf 87' lang='lat' dir='ltr'><strong>remisi.</strong></span> <span class='ocrx_word' id='word_1_315' title='bbox 766 4231 896 4293; x_wconf 81' lang='lat' dir='ltr'><strong>-Addo</strong></span> <span class='ocrx_word' id='word_1_316' title='bbox 922 4231 1117 4306; x_wconf 78' lang='lat' dir='ltr'><strong>Horatium,</strong></span> <span class='ocrx_word' id='word_1_317' title='bbox 1146 4230 1202 4310; x_wconf 90' lang='lat' dir='ltr'><strong>qui</strong></span> <span class='ocrx_word' id='word_1_318' title='bbox 1229 4231 1437 4311; x_wconf 83' lang='lat' dir='ltr'><strong>aliquatenus</strong></span> 
     </span>
     <span class='ocr_line' id='line_1_39' title="bbox 390 4325 1438 4416; baseline 0.005 -25"><span class='ocrx_word' id='word_1_319' title='bbox 390 4332 502 4406; x_wconf 82' lang='lat' dir='ltr'><strong>iuvat,</strong></span> <span class='ocrx_word' id='word_1_320' title='bbox 524 4328 592 4398; x_wconf 77' lang='lat' dir='ltr'><strong>Sat.</strong></span> <span class='ocrx_word' id='word_1_321' title='bbox 612 4329 641 4394; x_wconf 86' lang='grc'><strong>2.</strong></span> <span class='ocrx_word' id='word_1_322' title='bbox 662 4325 691 4391; x_wconf 80' lang='grc'><strong>7.</strong></span> <span class='ocrx_word' id='word_1_323' title='bbox 714 4327 759 4396; x_wconf 85' lang='lat'><strong>15.</strong></span> <span class='ocrx_word' id='word_1_324' title='bbox 782 4363 801 4378; x_wconf 90' lang='lat'>-</span> <span class='ocrx_word' id='word_1_325' title='bbox 823 4333 893 4412; x_wconf 85' lang='lat' dir='ltr'><strong>post</strong></span> <span class='ocrx_word' id='word_1_326' title='bbox 919 4347 1016 4411; x_wconf 90' lang='lat' dir='ltr'><strong>qaam</strong></span> <span class='ocrx_word' id='word_1_327' title='bbox 1043 4327 1093 4394; x_wconf 91' lang='lat' dir='ltr'><strong>illi</strong></span> <span class='ocrx_word' id='word_1_328' title='bbox 1124 4329 1211 4396; x_wconf 82' lang='lat' dir='ltr'><strong>iusta</strong></span> <span class='ocrx_word' id='word_1_329' title='bbox 1236 4327 1393 4416; x_wconf 74' lang='lat' dir='ltr'><strong>cheragra</strong></span> <span class='ocrx_word' id='word_1_330' title='bbox 1414 4361 1438 4382; x_wconf 85' lang='lat'><strong>··</strong></span> 
     </span>
    </p>
   </div>
   <div class='ocr_carea' id='block_1_8' title="bbox 0 0 1666 5188">
    <p class='ocr_par' dir='ltr' id='par_1_10' title="bbox 0 0 1666 5188">
     <span class='ocr_line' id='line_1_40' title="bbox 0 0 1666 5188; baseline 0 0"><span class='ocrx_word' id='word_1_331' title='bbox 0 0 1666 5188; x_wconf 95' lang='lat' dir='ltr'><strong> </strong></span> 
     </span>
    </p>
   </div>
  </div>
 </body>
</html>
