3322 5188
845 570 999 634 ..58-

398 709 469 768 aaut
487 708 518 768 et
530 703 635 780 sulca,
659 705 783 770 mavult
802 705 870 785 legi
891 705 1041 786 -quippe
1062 722 1137 768 vera
1158 722 1285 769 necesse
1306 712 1353 770 est
1374 707 1463 770 bene

396 802 593 884 praedicent,
615 803 696 866 falsa
716 803 784 865 vita
804 821 971 882 moresque
992 804 1056 864 mei
1077 805 1463 886 superant-,explicans

397 934 420 946 -
441 918 523 980 quae
544 917 619 964 vera
645 904 721 962 sunt
741 917 779 964 ea
800 899 944 962 hemines
976 918 1039 961 non
1061 898 1195 963 laudare
1225 919 1288 963 non
1309 907 1463 983 possunt,

396 1017 479 1078 qnae
499 998 582 1060 falsa
600 1017 655 1080 par
675 999 777 1062 vitam
797 1015 900 1060 meam
922 1002 953 1060 st
973 1015 1076 1059 mores
1097 999 1285 1060 refelluntur
1298 1019 1334 1077 -3
1346 1001 1462 1078 magis

396 1095 515 1158 arridet
528 1097 663 1175 vulgata
682 1095 775 1158 lectio
795 1113 892 1175 quam
912 1100 998 1158 tenet
1016 1100 1047 1156 et
1064 1093 1258 1169 Gerlaaluluo,
1272 1111 1348 1156 nam
1362 1101 1462 1175 post-

395 1213 492 1276 quam
508 1194 681 1274 praecessit
693 1191 796 1269 uultu,
811 1197 894 1256 recte
908 1197 939 1256 et
952 1196 1164 1271 congruenter
1178 1193 1348 1254 subiicitur
1362 1197 1461 1255 uter·-

355 1337 359 1350 .
396 1309 460 1371 que
478 1291 630 1354 orationis
651 1295 794 1367 eventus,
815 1293 851 1352 ut
872 1307 1034 1370 nusquam
1055 1291 1164 1353 obesse
1184 1295 1344 1372 appareat.

476 1388 511 1449 G.
529 1387 578 1450 85.
599 1388 646 1452 32.
662 1387 804 1468 «Neque
824 1389 949 1450 litteras
966 1388 1104 1451 Graecas
1125 1387 1234 1463 didici,
1252 1407 1363 1468 parum
1377 1389 1460 1470 pla-

396 1484 487 1548 cebet
508 1504 561 1548 eas
582 1486 711 1562 discere,
731 1487 848 1568 quippe
864 1505 946 1567 quae
966 1486 1007 1548 ad
1021 1488 1173 1551 virtutem
1194 1486 1374 1549 doctoribus
1395 1488 1460 1548 ni-

397 1581 446 1644 hil
468 1583 663 1663 profuerunt.
677 1606 695 1647 >›
712 1583 852 1664 Opponit
871 1583 992 1646 discere
1012 1587 1044 1646 et
1063 1583 1179 1660 docere3
1196 1582 1349 1663 quomodo
1364 1583 1458 1644 enim

395 1681 480 1760 quod
501 1681 619 1742 doctori
640 1699 704 1743 non
718 1680 844 1763 prodest
858 1680 899 1741 ad
913 1681 1074 1754 virtutem,
1088 1681 1187 1760 prosit
1208 1679 1379 1760 discipulo?
1403 1679 1455 1740 Of.

395 1776 560 1840 Plutarch.
588 1779 623 1839 in
650 1777 756 1840 Murio
782 1775 813 1840 O.
833 1777 862 1840 2.
883 1777 939 1839 ubi
960 1781 991 1840 et
1010 1777 1167 1855 μανθάνειν
1196 1778 1324 1858 opponit
1352 1778 1455 1838 dida-

394 1873 534 1946 σκάλοις.

474 1970 508 2032 O.
529 1969 577 2033 86.
599 1971 626 2033 3.
648 1970 809 2033 <illarius
830 1971 951 2034 interea
971 1971 1091 2033 milites
1112 1971 1258 2047 scribere,
1278 1990 1342 2034 non
1362 1989 1455 2035 more

394 2069 551 2130 maiorum
570 2087 672 2149 nsque
693 2089 733 2132 ex
748 2069 915 2146 classibus,
936 2069 1000 2145 sed,
1015 2074 1052 2131 ut
1065 2071 1222 2149 uniusque
1236 2069 1346 2133 lubido
1366 2075 1453 2156 arat,

394 2171 497 2248 eapite
526 2183 637 2230 censos
657 2167 831 2248 plerosque.
852 2167 891 2228 Id
910 2168 1031 2230 factum
1062 2153 1121 2229 alii
1151 2168 1260 2247 inopia
1281 2167 1453 2244 bonorum,

393 2266 450 2326 alii
471 2284 526 2345 per
545 2265 750 2329 ambitionem
772 2266 913 2328 consulis
938 2266 1189 2328 memorabant·
1206 2264 1368 2340 Braneus.
1389 2263 1452 2326 lo-

392 2377 504 2424 aarum
537 2363 764 2444 interpretatur
784 2363 956 2439 ditiorum,
979 2363 1063 2443 quod
1083 2381 1194 2426 censeo
1225 2380 1288 2424 non
1309 2379 1380 2424 esse
1406 2381 1458 2426 ex.

392 2464 499 2522 mente
520 2458 688 2538 Sallueta'l5
701 2478 775 2523 eum
791 2461 877 2524 enim
899 2461 1002 2540 capite
1022 2461 1110 2522 censi
1131 2477 1152 2520 a
1171 2459 1359 2523 muneribus
1378 2477 1451 2539 pn-

393 2557 487 2620 blicis
514 2562 545 2620 et
572 2558 730 2622 amilitia
750 2561 933 2618 arcerentur
952 2560 1117 2636 tamquam
1147 2555 1294 2633 iuliani,
1324 2561 1355 2618 et
1381 2557 1452 2620 nisi

394 2654 428 2715 in
449 2654 593 2716 tumultu
614 2653 757 2716 maximo
776 2670 941 2732 nunquam
966 2655 1188 2728 scriberentur,
1211 2651 1289 2717 Gall.
1312 2653 1358 2714 16.
1380 2653 1450 2730 10.,

391 2755 479 2831 patet
497 2749 588 2812 boues
608 2749 662 2811 hic
682 2751 869 2829 significare
888 2749 1013 2812 idouuos
1034 2750 1182 2827 militiae,
1200 2755 1236 2812 ut
1250 2753 1453 2831 opponantur

392 2852 434 2911 iis
453 2849 520 2928 qui
532 2867 595 2912 non
615 2855 692 2912 sunt
712 2848 815 2911 idonei
837 2853 868 2910 et
891 2849 993 2927 digni,
1015 2866 1051 2910 eo
1071 2848 1163 2909 modo
1183 2866 1246 2927 qno
1267 2847 1449 2913 Sallustius

392 2948 464 3023 Iua.
478 2947 507 3008 7.
520 2947 549 3008 5.
570 2947 653 3009 dixit
674 2945 771 3008 bouus
792 2947 934 3021 caraille,
957 2951 988 3009 et
1009 2943 1055 3007 17.
1076 2945 1104 3008 5.
1122 2959 1197 3021 auor
1216 2943 1312 3006 barrus
1326 2944 1448 3023 pecori.

391 3043 584 3108 Plutarchus
615 3045 649 3106 in
669 3043 774 3105 Mario
798 3042 830 3106 C.
850 3044 879 3105 9.
900 3043 979 3106 haec
1007 3043 1077 3124 ipsa
1103 3045 1242 3105 referans
1262 3043 1309 3104 ait
1328 3074 1349 3090 -
1367 3031 1449 3104 ἄλλ’

391 3139 492 3220 ὥσπερ
515 3139 594 3204 ἄλλο
618 3161 649 3204 τι
674 3141 735 3203 τῶν
760 3142 916 3217 καλῶν,τὰ
942 3139 1022 3204 ὅπλα
1042 3141 1121 3221 μετὰ
1138 3141 1231 3219 τιμῆς
1251 3138 1322 3214 τοῖς
1343 3140 1446 3220 ἀξίοις

392 3239 548 3318 νεμόντων.
567 3271 588 3286 -
607 3238 690 3302 Vide
709 3243 816 3302 tamen
836 3238 943 3302 Pluut.
968 3238 1088 3319 Captis.
1110 3239 1137 3301 3.
1158 3239 1187 3300 4.
1209 3238 1261 3301 51.

472 3336 505 3398 O.
526 3335 573 3399 87.
589 3337 616 3398 1.
633 3338 783 3418 «praelia
800 3339 911 3412 multa,
925 3341 1064 3400 ceterum
1085 3335 1151 3398 alia
1166 3336 1249 3399 levia
1270 3334 1344 3397 aliis
1365 3333 1445 3398 locis

393 3433 506 3496 facere.
526 3455 545 3496 ν
568 3432 777 3496 Consentiunt
807 3436 843 3497 in
863 3434 924 3497 hac
944 3434 1078 3498 lectione
1105 3449 1213 3494 omnes
1236 3431 1386 3508 Codices,
1407 3439 1445 3496 nt

391 3535 527 3594 testatur
539 3529 724 3594 Dietsclu'ur
748 3529 860 3594 Coum.
874 3531 903 3594 3.
911 3549 944 3611 p.
958 3531 1021 3605 45,
1042 3529 1098 3592 sed
1110 3531 1231 3610 pariter
1249 3530 1342 3593 Docti
1363 3549 1445 3594 con-

391 3631 537 3692 sentiunt
566 3647 751 3712 perversam
781 3649 869 3705 esse,
890 3635 922 3691 et
942 3628 1113 3706 legandum
1135 3629 1295 3708 -praelia
1325 3629 1443 3703 multa,

392 3730 531 3788 ceterum
551 3727 645 3803 levia,
665 3728 730 3789 alia
743 3727 817 3788 aliis
832 3726 909 3790 locis
924 3726 1027 3788 facere
1039 3759 1068 3804 -,
1082 3728 1160 3807 quia
1174 3727 1270 3790 Marii·
1283 3727 1442 3790 exereitus

392 3822 559 3891 abundans
580 3825 740 3888 militibus
759 3825 870 3899 novis,
892 3824 1078 3904 experiundi
1108 3843 1207 3888 censa
1233 3825 1338 3888 aurula
1357 3823 1444 3886 lavia

389 3921 517 3982 faceret.
544 3922 691 3984 Fortasse
718 3921 828 3984 eedem
855 3923 1014 3985 sententia
1042 3927 1177 4002 existere
1196 3927 1315 4004 potest,
1336 3921 1442 3984 verbis

392 4019 460 4082 loco
479 4036 543 4079 non
563 4021 677 4097 motis,
699 4020 727 4080 si
748 4019 915 4083 intellectu
934 4026 1200 4102 transponantur,
1221 4026 1252 4084 et
1276 4024 1441 4082 teneamus

391 4122 528 4180 ceturura
548 4117 644 4196 iungi
665 4114 776 4180 debere
796 4136 859 4179 nen
880 4119 920 4180 ad
940 4117 1006 4180 aliu
1018 4118 1099 4180 leuia
1118 4119 1173 4180 sed
1193 4117 1234 4180 ad
1253 4116 1330 4178 aliis
1349 4115 1439 4190 locis,

392 4218 438 4282 ita
459 4220 495 4278 ul
515 4214 616 4276 uultu
646 4215 711 4276 sint
732 4216 837 4277 amala
857 4215 959 4290 leuia,
982 4221 1121 4277 ceterum
1141 4233 1180 4275 ex
1202 4214 1254 4276 his
1275 4214 1340 4276 alia
1366 4213 1440 4275 aliis

391 4317 486 4392 locis,
508 4335 590 4398 quo,
612 4315 719 4395 magis
741 4314 924 4382 diversitate
944 4315 1084 4378 locorum
1105 4332 1202 4395 quam
1233 4312 1439 4378 multitudine
