3322 5188
832 617 990 680 ..qq-..⁸

379 753 601 827 observarunt,
624 751 664 814 ab
684 751 769 813 omui
791 753 856 836 veri
879 754 981 832 specie
1002 751 1147 815 abhorret
1166 754 1232 814 tam
1245 765 1345 832 pauco
1366 763 1433 813 nu-

381 863 490 922 mero,
513 847 646 928 (novem
673 849 801 910 omniuo
828 849 1032 930 hominibus)
1054 867 1123 910 eam
1144 851 1338 930 provinciam
1364 868 1433 912 esse

381 945 589 1021 mandatam,
610 945 794 1026 praesertim
824 946 938 1008 colluto
968 947 1123 1010 Proetiae
1151 951 1286 1022 stratae.
1308 947 1335 1007 3.
1356 947 1384 1007 9.
1405 947 1433 1008 3.

385 1043 572 1122 singulares
595 1043 727 1122 quidam
748 1041 887 1117 Codices,
907 1049 938 1104 et
958 1043 1041 1104 inter
1061 1061 1094 1104 se
1115 1043 1347 1119 dissentientes,
1368 1042 1434 1104 ha-

382 1140 459 1203 bent
478 1133 605 1201 ιιιιιιιιο
625 1141 758 1218 quinque
778 1139 905 1200 militene
925 1145 981 1201 ant
1000 1141 1132 1220 quinque
1152 1139 1262 1214 mitio,
1285 1145 1343 1200 aot
1370 1139 1435 1199 dun

381 1236 487 1309 multi,
512 1236 593 1298 unde
613 1237 714 1315 aliqui
735 1237 961 1315 quaesiverunt
982 1253 1090 1298 vocem
1111 1235 1241 1310 militer,
1260 1241 1291 1298 et
1309 1234 1435 1298 Cedere-

380 1332 515 1411 dorpius
534 1334 710 1412 composuit
729 1331 813 1394 hanc
834 1333 1000 1396 lectionem
1022 1366 1044 1378 -
1065 1333 1177 1412 Itaque
1202 1351 1242 1394 ex
1262 1333 1352 1412 copia
1372 1339 1433 1393 tu-

380 1427 527 1491 bicinum
547 1435 578 1492 et
590 1431 791 1491 cornicinum
811 1448 942 1490 numero
963 1431 1115 1508 quinque,
1137 1429 1319 1508 militesque
1337 1445 1434 1507 quam

380 1527 599 1588 velocissimos
630 1527 758 1604 delegit.
794 1559 815 1570 -
846 1525 1007 1586 Litteris
1038 1543 1187 1587 assensus
1220 1531 1268 1586 est
1297 1526 1434 1587 lectioni.

383 1621 568 1685 Dietscieier
595 1621 707 1685 Coram.
722 1621 750 1687 2.
759 1641 792 1702 p.
807 1621 854 1684 27.
873 1639 982 1683 rocem
1003 1622 1123 1682 milites
1143 1623 1301 1698 transfert,
1322 1627 1352 1684 et
1372 1623 1435 1683 alia
1509 1666 1514 1675 .

381 1720 479 1783 verba
498 1720 587 1781 addit
608 1722 693 1782 ita-
708 1724 738 1782 et
758 1737 832 1780 cum
852 1720 908 1792 eis,
930 1717 1086 1797 praesidio
1108 1719 1164 1797 qui
1184 1719 1294 1794 forent,
1314 1717 1435 1780 milites

376 1832 496 1897 ponens
523 1822 722 1894 etquattuor
748 1815 949 1876 centuriones
971 1848 1012 1889 -,
1033 1813 1144 1874 sedin
1166 1814 1239 1875 edit.
1259 1815 1337 1876 mie.
1357 1814 1437 1876 euni

358 1925 360 1930 ·
384 1911 480 1986 1874,
501 1913 698 1974 coniecturae
718 1927 794 1973 suae
814 1909 980 1985 diffidens,
1002 1913 1151 1972 lacunam
1173 1912 1334 1990 relinquit.
1354 1911 1435 1973 Ior-

379 2009 546 2085 ιιιιιιιι,ιιι
559 2011 692 2071 coniicio
712 2029 752 2071 ex
765 2010 877 2089 paucis
891 2008 996 2071 verbis
1010 2008 1199 2069 Dietreiii
1190 2027 1223 2069 m
1233 2008 1435 2088 praefatione

379 2107 506 2171 adedit
492 2109 591 2171 turin
603 2123 635 2186 p.
649 2101 737 2181 XII,
750 2107 855 2168 locum
876 2123 988 2168 sanare
1008 2106 1179 2182 contendit
1157 2106 1436 2186 tunaparticula
1470 2119 1472 2126 ¹

370 2207 637 2285 cinterposita,
659 2205 786 2283 legem,
815 2204 950 2266 credo·
971 2208 1097 2266 etcum
1118 2203 1170 2266 his
1191 2204 1347 2284 praesidio
1378 2203 1435 2282 qui

370 2304 540 2378 'forentet
551 2307 701 2382 quattuor
720 2300 1060 2381 centuriones-‚quod
1081 2318 1280 2380 quamquam
1300 2319 1436 2363 acumen

369 2389 446 2462 ‘viri
467 2402 676 2476 demonstret,
696 2405 803 2462 tamen
825 2399 949 2478 aliquid
968 2399 1138 2478 praesefert
1166 2399 1376 2474 incommodi,
1398 2399 1433 2458 iu

380 2517 452 2578 ‘quo‘
466 2517 528 2560 non
549 2499 703 2572 immoror,
726 2499 802 2575 quia
824 2496 957 2556 stultum
980 2498 1063 2554 esset
1083 2496 1256 2556 sententias
1278 2501 1309 2557 et
1330 2496 1434 2556 ratio*-

382 2615 439 2658 nes
458 2595 599 2668 alterius,
619 2611 699 2671 quas
720 2593 860 2670 ignoras,
882 2591 1087 2669 impugnare.

462 2685 543 2751 Milu
564 2692 671 2751 uisum
692 2695 739 2750 est
760 2690 883 2750 exitum
904 2687 1086 2750 difficultati
1108 2690 1238 2770 reperiri
1258 2707 1361 2770 posse,
1381 2691 1437 2752 ni-

382 2789 433 2852 hil
461 2788 641 2848 immutatis
669 2786 775 2849 uerbis
803 2803 885 2865 quae
910 2785 1119 2866 plurimorum
1148 2787 1297 2848 Codicum
1325 2794 1437 2850 aucto-

383 2888 477 2949 ritate
489 2885 667 2959 firmantur,
686 2885 713 2944 si
735 2889 885 2964 quattuor
904 2884 1105 2945 centuriones
1127 2884 1352 2963 intelligantur
1365 2899 1436 2946 cem

383 3002 442 3046 reo
461 2985 589 3064 quisque
614 2983 774 3058 centurie,
795 2982 922 3044 nomine
947 2982 1013 3061 ipso
1033 2981 1289 3060 demonstrante3
1309 3000 1384 3046 narn
1405 2988 1437 3044 et

382 3084 430 3144 ita
449 3082 647 3143 centuriones
668 3081 871 3159 accipiuntur
895 3078 959 3142 Cet.
981 3077 1030 3140 59.
1042 3079 1080 3155 3,
1094 3078 1166 3154 lea.
1187 3079 1238 3140 38.
1258 3079 1286 3140 3.
1308 3086 1339 3142 ιι
1357 3081 1385 3158 6,
1405 3087 1437 3142 et

383 3196 466 3258 quae
486 3177 539 3239 hic
559 3191 739 3257 sequuntur
760 3177 793 3239 C.
814 3177 862 3238 94.
885 3177 911 3238 1.
938 3195 1005 3239 rem
1037 3177 1229 3258 exploratam
1257 3178 1391 3241 iaciunt.
1413 3211 1435 3224 ·-
1502 3197 1505 3204 ’

382 3277 530 3338 Ceterum
550 3276 599 3336 illi
619 3275 676 3355 qui
698 3276 853 3337 centuriis
869 3280 1042 3354 praeerunt
1054 3309 1095 3350 -,
1109 3294 1191 3355 qnae
1204 3277 1296 3338 lectio
1317 3277 1436 3338 frustra

382 3378 527 3436 mutatur
556 3373 591 3432 in
613 3406 635 3418 -
656 3373 705 3434 illi
726 3374 782 3453 qui
804 3374 966 3434 escensuri
997 3376 1089 3433 erent
1109 3405 1141 3448 -,
1162 3375 1220 3434 vix
1251 3375 1347 3435 nnius
1378 3382 1436 3436 ent

382 3472 514 3534 alterius
537 3469 661 3531 Codicis
681 3469 759 3547 fide3
782 3489 857 3531 nam
878 3487 985 3531 omnes
1006 3486 1189 3532 ascensuros
1210 3489 1289 3547 esse,
1310 3473 1339 3534 si
1359 3474 1435 3535 vel-

380 3571 449 3633 lent
467 3569 638 3648 planiciem
658 3570 802 3648 assequi,
824 3587 873 3630 res
894 3572 962 3629 erat
983 3568 1053 3645 ipsa
1072 3585 1155 3646 quae
1176 3568 1343 3647 agebatur,
1365 3570 1434 3631 ideo

382 3666 467 3726 nihil
480 3683 593 3727 causae
613 3683 671 3727 cur
686 3671 921 3728 memoraretur.
945 3664 1148 3728 Centuriones
1163 3685 1245 3740 vero,
1268 3669 1313 3728 ite
1335 3667 1434 3730 intel-

382 3764 476 3838 lecti,
496 3765 676 3826 conflabant
696 3769 798 3825 totam
819 3763 886 3823 vim
909 3761 1120 3837 delectorum,
1141 3770 1263 3843 praeter
1292 3767 1434 3844 quinque

382 3859 454 3920 illos
473 3857 658 3923 cornicines.
689 3861 762 3922 Alia
783 3863 914 3921 estnon
935 3861 1115 3941 incongrua
1133 3864 1226 3924 lectio
1248 3880 1344 3940 quam
1365 3863 1433 3923 ha-

382 3957 457 4019 bent
477 3957 539 4018 duo
561 3958 689 4020 Codices
711 3959 848 4036 -quic
870 3962 1023 4020 centuriis
1045 3964 1143 4021 erant.
1165 3993 1187 4004 -

427 4066 429 4070 ·
460 4055 508 4115 94.
531 4055 557 4116 1.
580 4075 597 4114 <r
618 4056 679 4118 Sed
700 4056 754 4119 ubi
786 4075 825 4120 cx
846 4063 1009 4138 praecepto
1040 4062 1166 4138 ternpus
1197 4057 1311 4119 visum.
1341 4077 1359 4118 »
1381 4055 1433 4118 Ee

377 4157 550 4235 praecepto,
568 4155 613 4215 ita
633 4155 773 4218 absolute
786 4159 937 4236 positum,
952 4155 1042 4218 credo
1063 4155 1244 4232 significare
1260 4173 1323 4215 non
1337 4173 1433 4236 prae-

382 4260 511 4333 ceptum
523 4252 576 4314 dat
563 4257 631 4314 tum
647 4271 665 4314 a
680 4253 712 4315 M
714 4255 786 4330 ario,
802 4255 854 4337 (ιιι
841 4256 937 4316 iuuit
950 4255 1120 4334 Bernices.)
1143 4253 1271 4333 quiade
1291 4274 1327 4318 eo
1348 4257 1432 4318 nihil

382 4359 473 4428 ante,
494 4356 566 4416 ete
512 4350 632 4418 ιιιιι
586 4355 737 4434 temper
757 4354 860 4421 risum
881 4353 1003 4420 obstare
1023 4353 1171 4437 videtum
1192 4356 1319 4420 sedi
1266 4357 1371 4439 potius
1393 4373 1432 4422 ιιι
