<?xml version="1.0" encoding="UTF-8"?>
<!DOCTYPE html PUBLIC "-//W3C//DTD XHTML 1.0 Transitional//EN"
    "http://www.w3.org/TR/xhtml1/DTD/xhtml1-transitional.dtd">
<html xmlns="http://www.w3.org/1999/xhtml" xml:lang="en" lang="en">
 <head>
  <title>
</title>
<meta http-equiv="Content-Type" content="text/html;charset=utf-8" />
  <meta name='ocr-system' content='tesseract 3.04.00' />
  <meta name='ocr-capabilities' content='ocr_page ocr_carea ocr_par ocr_line ocrx_word'/>
</head>
<body>
  <div class='ocr_page' id='page_1' title='image "adgaisallustiic00ciofgoog_0035.png"; bbox 0 0 3322 5188; ppageno 0'>
   <div class='ocr_carea' id='block_1_1' title="bbox 385 566 1446 780">
    <p class='ocr_par' dir='ltr' id='par_1_1' title="bbox 385 566 1446 780">
     <span class='ocr_line' id='line_1_1' title="bbox 824 566 978 630; baseline 0.006 -19"><span class='ocrx_word' id='word_1_1' title='bbox 824 601 860 611; x_wconf 85' lang='lat'><strong>..</strong></span> <span class='ocrx_word' id='word_1_2' title='bbox 883 566 922 630; x_wconf 76' lang='lat'><strong>22</strong></span> <span class='ocrx_word' id='word_1_3' title='bbox 943 601 978 612; x_wconf 82' lang='grc'><strong>.-</strong></span> 
     </span>
     <span class='ocr_line' id='line_1_2' title="bbox 385 660 1446 780; baseline -0.001 -14"><span class='ocrx_word' id='word_1_4' title='bbox 385 697 590 775; x_wconf 73' lang='grc'><strong>6617661166,</strong></span> <span class='ocrx_word' id='word_1_5' title='bbox 622 695 829 779; x_wconf 87' lang='lat' dir='ltr'>quamquam</span> <span class='ocrx_word' id='word_1_6' title='bbox 846 699 1030 761; x_wconf 82' lang='lat' dir='ltr'>Dirtscliua</span> <span class='ocrx_word' id='word_1_7' title='bbox 1045 717 1079 780; x_wconf 79' lang='lat' dir='ltr'><strong>p.</strong></span> <span class='ocrx_word' id='word_1_8' title='bbox 1101 700 1167 762; x_wconf 87' lang='grc'><strong>173.</strong></span> <span class='ocrx_word' id='word_1_9' title='bbox 1189 703 1222 762; x_wconf 88' lang='grc'><strong>16</strong></span> <span class='ocrx_word' id='word_1_10' title='bbox 1243 660 1316 764; x_wconf 81' lang='lat' dir='ltr'>uota</span> <span class='ocrx_word' id='word_1_11' title='bbox 1340 702 1446 766; x_wconf 86' lang='lat' dir='ltr'>dicat</span> 
     </span>
    </p>
   </div>
   <div class='ocr_carea' id='block_1_2' title="bbox 358 797 1446 2812">
    <p class='ocr_par' dir='ltr' id='par_1_2' title="bbox 358 797 1446 1741">
     <span class='ocr_line' id='line_1_3' title="bbox 380 797 1446 882; baseline 0.004 -24"><span class='ocrx_word' id='word_1_12' title='bbox 380 799 526 859; x_wconf 80' lang='lat' dir='ltr'><strong>certatim</strong></span> <span class='ocrx_word' id='word_1_13' title='bbox 547 798 631 860; x_wconf 88' lang='lat' dir='ltr'>viros</span> <span class='ocrx_word' id='word_1_14' title='bbox 646 797 751 860; x_wconf 89' lang='lat' dir='ltr'>doctos</span> <span class='ocrx_word' id='word_1_15' title='bbox 766 799 919 878; x_wconf 79' lang='lat' dir='ltr'>recepisse</span> <span class='ocrx_word' id='word_1_16' title='bbox 932 800 1145 874; x_wconf 74' lang='grc'><strong>1666116166,</strong></span> <span class='ocrx_word' id='word_1_17' title='bbox 1161 799 1252 862; x_wconf 90' lang='lat' dir='ltr'>credo</span> <span class='ocrx_word' id='word_1_18' title='bbox 1266 799 1349 878; x_wconf 90' lang='lat' dir='ltr'>quod</span> <span class='ocrx_word' id='word_1_19' title='bbox 1366 821 1446 882; x_wconf 85' lang='lat' dir='ltr'>pu-</span> 
     </span>
     <span class='ocr_line' id='line_1_4' title="bbox 380 896 1443 976; baseline 0.002 -18"><span class='ocrx_word' id='word_1_20' title='bbox 380 897 519 958; x_wconf 84' lang='lat' dir='ltr'>taverint</span> <span class='ocrx_word' id='word_1_21' title='bbox 539 896 622 956; x_wconf 89' lang='lat' dir='ltr'>idem</span> <span class='ocrx_word' id='word_1_22' title='bbox 643 911 769 957; x_wconf 86' lang='lat' dir='ltr'>esseae</span> <span class='ocrx_word' id='word_1_23' title='bbox 791 900 992 968; x_wconf 82' lang='lat' dir='ltr'>commotum,</span> <span class='ocrx_word' id='word_1_24' title='bbox 1015 901 1077 956; x_wconf 86' lang='lat' dir='ltr'><strong>aut</strong></span> <span class='ocrx_word' id='word_1_25' title='bbox 1086 901 1282 974; x_wconf 77' lang='grc'><strong>6616161616,</strong></span> <span class='ocrx_word' id='word_1_26' title='bbox 1309 899 1443 976; x_wconf 89' lang='lat' dir='ltr'>quibus</span> 
     </span>
     <span class='ocr_line' id='line_1_5' title="bbox 381 991 1443 1070; baseline 0.004 -16"><span class='ocrx_word' id='word_1_27' title='bbox 381 994 485 1054; x_wconf 86' lang='lat' dir='ltr'>utitur</span> <span class='ocrx_word' id='word_1_28' title='bbox 501 993 677 1058; x_wconf 71' lang='lat' dir='ltr'>Sallustius</span> <span class='ocrx_word' id='word_1_29' title='bbox 692 993 725 1052; x_wconf 92' lang='lat' dir='ltr'><strong>in</strong></span> <span class='ocrx_word' id='word_1_30' title='bbox 741 1011 773 1053; x_wconf 91' lang='lat' dir='ltr'><strong>re</strong></span> <span class='ocrx_word' id='word_1_31' title='bbox 786 991 885 1052; x_wconf 85' lang='lat' dir='ltr'>simili</span> <span class='ocrx_word' id='word_1_32' title='bbox 900 991 966 1054; x_wconf 82' lang='lat' dir='ltr'>Cui.</span> <span class='ocrx_word' id='word_1_33' title='bbox 980 992 1028 1052; x_wconf 85' lang='lat'><strong>31.</strong></span> <span class='ocrx_word' id='word_1_34' title='bbox 1043 993 1079 1068; x_wconf 93' lang='grc'><strong>1.,</strong></span> <span class='ocrx_word' id='word_1_35' title='bbox 1092 993 1163 1070; x_wconf 70' lang='lat' dir='ltr'>Iup.</span> <span class='ocrx_word' id='word_1_36' title='bbox 1174 993 1201 1054; x_wconf 89' lang='grc'><strong>6.</strong></span> <span class='ocrx_word' id='word_1_37' title='bbox 1214 993 1252 1068; x_wconf 92' lang='grc'><strong>2.,</strong></span> <span class='ocrx_word' id='word_1_38' title='bbox 1263 994 1311 1058; x_wconf 80' lang='grc'><strong>25.</strong></span> <span class='ocrx_word' id='word_1_39' title='bbox 1324 993 1365 1068; x_wconf 88' lang='lat'><strong>6.,</strong></span> <span class='ocrx_word' id='word_1_40' title='bbox 1386 995 1443 1058; x_wconf 84' lang='lat'><strong>62.</strong></span> 
     </span>
     <span class='ocr_line' id='line_1_6' title="bbox 382 1087 1442 1170; baseline 0.003 -19"><span class='ocrx_word' id='word_1_41' title='bbox 382 1087 409 1152; x_wconf 90' lang='lat'><strong>1.</strong></span> <span class='ocrx_word' id='word_1_42' title='bbox 425 1089 760 1167; x_wconf 71' lang='grc'><strong>66666661161611666</strong></span> <span class='ocrx_word' id='word_1_43' title='bbox 776 1090 1045 1168; x_wconf 82' lang='lat' dir='ltr'>significationem</span> <span class='ocrx_word' id='word_1_44' title='bbox 1065 1109 1126 1152; x_wconf 90' lang='lat' dir='ltr'><strong>non</strong></span> <span class='ocrx_word' id='word_1_45' title='bbox 1142 1091 1252 1170; x_wconf 84' lang='lat' dir='ltr'>habet3</span> <span class='ocrx_word' id='word_1_46' title='bbox 1266 1093 1442 1154; x_wconf 88' lang='lat' dir='ltr'>interdum</span> 
     </span>
     <span class='ocr_line' id='line_1_7' title="bbox 358 1187 1443 1264; baseline 0.002 -14"><span class='ocrx_word' id='word_1_47' title='bbox 358 1205 360 1210; x_wconf 78' lang='grc'>’</span> <span class='ocrx_word' id='word_1_48' title='bbox 379 1193 430 1250; x_wconf 87' lang='grc'><strong>661</strong></span> <span class='ocrx_word' id='word_1_49' title='bbox 443 1205 596 1264; x_wconf 80' lang='lat' dir='ltr'>exercere,</span> <span class='ocrx_word' id='word_1_50' title='bbox 611 1188 740 1263; x_wconf 87' lang='lat' dir='ltr'>iactare,</span> <span class='ocrx_word' id='word_1_51' title='bbox 761 1203 894 1262; x_wconf 88' lang='lat' dir='ltr'>versare,</span> <span class='ocrx_word' id='word_1_52' title='bbox 905 1187 998 1250; x_wconf 79' lang='lat' dir='ltr'>Lucu.</span> <span class='ocrx_word' id='word_1_53' title='bbox 1009 1189 1049 1250; x_wconf 79' lang='lat' dir='ltr'>e.</span> <span class='ocrx_word' id='word_1_54' title='bbox 1059 1189 1100 1251; x_wconf 90' lang='lat' dir='ltr'><strong>N.</strong></span> <span class='ocrx_word' id='word_1_55' title='bbox 1112 1187 1139 1250; x_wconf 90' lang='lat'><strong>6.</strong></span> <span class='ocrx_word' id='word_1_56' title='bbox 1154 1189 1230 1264; x_wconf 84' lang='grc'><strong>582,</strong></span> <span class='ocrx_word' id='word_1_57' title='bbox 1244 1195 1323 1252; x_wconf 86' lang='grc'><strong>6166</strong></span> <span class='ocrx_word' id='word_1_58' title='bbox 1338 1191 1443 1252; x_wconf 89' lang='lat' dir='ltr'>ducit</span> 
     </span>
     <span class='ocr_line' id='line_1_8' title="bbox 380 1286 1440 1366; baseline 0.004 -21"><span class='ocrx_word' id='word_1_59' title='bbox 380 1286 488 1363; x_wconf 81' lang='lat' dir='ltr'>magis</span> <span class='ocrx_word' id='word_1_60' title='bbox 509 1287 668 1348; x_wconf 90' lang='lat' dir='ltr'>sententia</span> <span class='ocrx_word' id='word_1_61' title='bbox 689 1290 724 1346; x_wconf 90' lang='lat' dir='ltr'><strong>ut</strong></span> <span class='ocrx_word' id='word_1_62' title='bbox 744 1291 908 1346; x_wconf 84' lang='lat' dir='ltr'>teneamus</span> <span class='ocrx_word' id='word_1_63' title='bbox 929 1303 995 1347; x_wconf 87' lang='lat' dir='ltr'><strong>rem</strong></span> <span class='ocrx_word' id='word_1_64' title='bbox 1016 1294 1109 1348; x_wconf 89' lang='lat' dir='ltr'>antea</span> <span class='ocrx_word' id='word_1_65' title='bbox 1133 1287 1225 1366; x_wconf 81' lang='lat' dir='ltr'>vulgi</span> <span class='ocrx_word' id='word_1_66' title='bbox 1248 1288 1440 1350; x_wconf 88' lang='lat' dir='ltr'>rumoribus</span> 
     </span>
     <span class='ocr_line' id='line_1_9' title="bbox 381 1383 1441 1460; baseline 0 -16"><span class='ocrx_word' id='word_1_67' title='bbox 381 1383 542 1458; x_wconf 76' lang='lat' dir='ltr'>luctatum,</span> <span class='ocrx_word' id='word_1_68' title='bbox 557 1383 675 1445; x_wconf 87' lang='lat' dir='ltr'>incerto</span> <span class='ocrx_word' id='word_1_69' title='bbox 689 1389 824 1457; x_wconf 87' lang='lat' dir='ltr'>auctore,</span> <span class='ocrx_word' id='word_1_70' title='bbox 840 1383 970 1445; x_wconf 87' lang='lat' dir='ltr'>relatam</span> <span class='ocrx_word' id='word_1_71' title='bbox 983 1402 1050 1445; x_wconf 86' lang='lat' dir='ltr'>esse</span> <span class='ocrx_word' id='word_1_72' title='bbox 1061 1384 1198 1446; x_wconf 84' lang='lat' dir='ltr'>tamdem</span> <span class='ocrx_word' id='word_1_73' title='bbox 1215 1385 1255 1444; x_wconf 91' lang='lat' dir='ltr'><strong>ad</strong></span> <span class='ocrx_word' id='word_1_74' title='bbox 1266 1384 1441 1460; x_wconf 76' lang='lat' dir='ltr'>Senatum,</span> 
     </span>
     <span class='ocr_line' id='line_1_10' title="bbox 381 1469 1441 1560; baseline 0.002 -19"><span class='ocrx_word' id='word_1_75' title='bbox 381 1487 508 1542; x_wconf 90' lang='lat' dir='ltr'>auctore</span> <span class='ocrx_word' id='word_1_76' title='bbox 528 1481 665 1556; x_wconf 84' lang='lat' dir='ltr'>consule,</span> <span class='ocrx_word' id='word_1_77' title='bbox 686 1499 783 1560; x_wconf 87' lang='lat' dir='ltr'>quam</span> <span class='ocrx_word' id='word_1_78' title='bbox 795 1469 865 1542; x_wconf 85' lang='lat' dir='ltr'><strong>ram</strong></span> <span class='ocrx_word' id='word_1_79' title='bbox 880 1481 979 1541; x_wconf 87' lang='lat' dir='ltr'>fuisse</span> <span class='ocrx_word' id='word_1_80' title='bbox 994 1481 1125 1542; x_wconf 80' lang='lat' dir='ltr'>relatam</span> <span class='ocrx_word' id='word_1_81' title='bbox 1140 1482 1180 1542; x_wconf 90' lang='lat' dir='ltr'><strong>ad</strong></span> <span class='ocrx_word' id='word_1_82' title='bbox 1195 1481 1348 1542; x_wconf 85' lang='lat' dir='ltr'>Senatum</span> <span class='ocrx_word' id='word_1_83' title='bbox 1364 1484 1441 1544; x_wconf 84' lang='lat' dir='ltr'>ia&#39;m</span> 
     </span>
     <span class='ocr_line' id='line_1_11' title="bbox 380 1563 1440 1658; baseline 0.001 -17"><span class='ocrx_word' id='word_1_84' title='bbox 380 1585 474 1641; x_wconf 82' lang='lat' dir='ltr'>antea</span> <span class='ocrx_word' id='word_1_85' title='bbox 500 1579 591 1656; x_wconf 77' lang='lat' dir='ltr'>vulgi</span> <span class='ocrx_word' id='word_1_86' title='bbox 620 1579 799 1642; x_wconf 89' lang='lat' dir='ltr'>rumoribus</span> <span class='ocrx_word' id='word_1_87' title='bbox 824 1579 1034 1657; x_wconf 80' lang='lat' dir='ltr'>exagitatum.</span> <span class='ocrx_word' id='word_1_88' title='bbox 1052 1578 1096 1640; x_wconf 81' lang='lat' dir='ltr'>Ol.</span> <span class='ocrx_word' id='word_1_89' title='bbox 1121 1579 1185 1642; x_wconf 85' lang='grc'><strong>061.</strong></span> <span class='ocrx_word' id='word_1_90' title='bbox 1208 1579 1253 1640; x_wconf 87' lang='grc'><strong>14.</strong></span> <span class='ocrx_word' id='word_1_91' title='bbox 1266 1581 1338 1658; x_wconf 67' lang='lat' dir='ltr'>plu,</span> <span class='ocrx_word' id='word_1_92' title='bbox 1358 1563 1440 1656; x_wconf 63' lang='lat' dir='ltr'>Iul.</span> 
     </span>
     <span class='ocr_line' id='line_1_12' title="bbox 380 1673 951 1741; baseline -0.009 -3"><span class='ocrx_word' id='word_1_93' title='bbox 380 1675 430 1740; x_wconf 85' lang='lat'><strong>22.</strong></span> <span class='ocrx_word' id='word_1_94' title='bbox 453 1676 480 1741; x_wconf 88' lang='grc'><strong>1,</strong></span> <span class='ocrx_word' id='word_1_95' title='bbox 500 1673 599 1738; x_wconf 89' lang='grc'><strong>6127.</strong></span> <span class='ocrx_word' id='word_1_96' title='bbox 623 1675 650 1737; x_wconf 93' lang='grc'><strong>1.</strong></span> <span class='ocrx_word' id='word_1_97' title='bbox 948 1697 951 1704; x_wconf 70' lang='grc'><strong><em>’</em></strong></span> 
     </span>
    </p>

    <p class='ocr_par' dir='ltr' id='par_1_3' title="bbox 380 1773 1439 2048">
     <span class='ocr_line' id='line_1_13' title="bbox 462 1773 1439 1853; baseline -0.002 -17"><span class='ocrx_word' id='word_1_98' title='bbox 462 1773 495 1836; x_wconf 80' lang='lat' dir='ltr'><strong>G.</strong></span> <span class='ocrx_word' id='word_1_99' title='bbox 515 1774 565 1837; x_wconf 84' lang='grc'><strong>29.</strong></span> <span class='ocrx_word' id='word_1_100' title='bbox 584 1773 622 1836; x_wconf 91' lang='grc'><strong>2.·</strong></span> <span class='ocrx_word' id='word_1_101' title='bbox 637 1793 653 1832; x_wconf 89' lang='lat'>«</span> <span class='ocrx_word' id='word_1_102' title='bbox 674 1773 785 1834; x_wconf 85' lang='lat' dir='ltr'>darent</span> <span class='ocrx_word' id='word_1_103' title='bbox 806 1791 932 1853; x_wconf 86' lang='lat' dir='ltr'>operam</span> <span class='ocrx_word' id='word_1_104' title='bbox 952 1773 1106 1849; x_wconf 84' lang='grc'><strong>66666166,</strong></span> <span class='ocrx_word' id='word_1_105' title='bbox 1130 1773 1269 1852; x_wconf 90' lang='lat' dir='ltr'>nequid</span> <span class='ocrx_word' id='word_1_106' title='bbox 1290 1778 1340 1833; x_wconf 81' lang='lat' dir='ltr'>res&#39;</span> <span class='ocrx_word' id='word_1_107' title='bbox 1361 1791 1439 1852; x_wconf 90' lang='lat' dir='ltr'>pu·-</span> 
     </span>
     <span class='ocr_line' id='line_1_14' title="bbox 380 1869 1437 1950; baseline 0 -18"><span class='ocrx_word' id='word_1_108' title='bbox 380 1869 465 1932; x_wconf 89' lang='lat' dir='ltr'>blica</span> <span class='ocrx_word' id='word_1_109' title='bbox 485 1870 666 1932; x_wconf 87' lang='lat' dir='ltr'>detrimenti</span> <span class='ocrx_word' id='word_1_110' title='bbox 686 1875 813 1950; x_wconf 87' lang='lat' dir='ltr'>caperet</span> <span class='ocrx_word' id='word_1_111' title='bbox 832 1893 850 1932; x_wconf 86' lang='lat'>»</span> <span class='ocrx_word' id='word_1_112' title='bbox 872 1871 945 1932; x_wconf 85' lang='lat' dir='ltr'>uide</span> <span class='ocrx_word' id='word_1_113' title='bbox 965 1871 1107 1934; x_wconf 89' lang='lat' dir='ltr'>eamdem</span> <span class='ocrx_word' id='word_1_114' title='bbox 1127 1871 1296 1932; x_wconf 87' lang='lat' dir='ltr'>formulam</span> <span class='ocrx_word' id='word_1_115' title='bbox 1318 1871 1351 1930; x_wconf 93' lang='lat' dir='ltr'><strong>in</strong></span> <span class='ocrx_word' id='word_1_116' title='bbox 1359 1871 1437 1948; x_wconf 76' lang='lat' dir='ltr'>fiue</span> 
     </span>
     <span class='ocr_line' id='line_1_15' title="bbox 385 1966 1075 2048; baseline 0.001 -19"><span class='ocrx_word' id='word_1_117' title='bbox 385 1966 597 2030; x_wconf 72' lang='grc'><strong>0161166166.</strong></span> <span class='ocrx_word' id='word_1_118' title='bbox 617 1967 763 2046; x_wconf 76' lang='lat' dir='ltr'>Philippi</span> <span class='ocrx_word' id='word_1_119' title='bbox 782 1973 890 2030; x_wconf 87' lang='lat' dir='ltr'>coutru</span> <span class='ocrx_word' id='word_1_120' title='bbox 909 1967 1075 2048; x_wconf 77' lang='lat' dir='ltr'>Lepidum.</span> 
     </span>
    </p>

    <p class='ocr_par' dir='ltr' id='par_1_4' title="bbox 381 2063 1436 2342">
     <span class='ocr_line' id='line_1_16' title="bbox 462 2063 1436 2145; baseline 0.001 -18"><span class='ocrx_word' id='word_1_121' title='bbox 462 2066 495 2127; x_wconf 80' lang='lat'><strong>0.</strong></span> <span class='ocrx_word' id='word_1_122' title='bbox 516 2065 564 2128; x_wconf 85' lang='lat'><strong>30.</strong></span> <span class='ocrx_word' id='word_1_123' title='bbox 584 2066 614 2127; x_wconf 90' lang='grc'><strong>6.</strong></span> <span class='ocrx_word' id='word_1_124' title='bbox 637 2085 654 2124; x_wconf 82' lang='grc'><strong>1</strong></span> <span class='ocrx_word' id='word_1_125' title='bbox 674 2067 723 2126; x_wconf 84' lang='lat' dir='ltr'><strong>Ad</strong></span> <span class='ocrx_word' id='word_1_126' title='bbox 744 2067 803 2128; x_wconf 89' lang='lat' dir='ltr'>hoe</span> <span class='ocrx_word' id='word_1_127' title='bbox 824 2067 852 2128; x_wconf 94' lang='lat' dir='ltr'><strong>si</strong></span> <span class='ocrx_word' id='word_1_128' title='bbox 873 2067 946 2145; x_wconf 90' lang='lat' dir='ltr'>quis</span> <span class='ocrx_word' id='word_1_129' title='bbox 969 2067 1143 2128; x_wconf 82' lang='lat' dir='ltr'><strong>indicasset</strong></span> <span class='ocrx_word' id='word_1_130' title='bbox 1158 2065 1196 2128; x_wconf 91' lang='lat' dir='ltr'>de</span> <span class='ocrx_word' id='word_1_131' title='bbox 1215 2063 1436 2128; x_wconf 80' lang='lat' dir='ltr'>corriuration&#39;e</span> 
     </span>
     <span class='ocr_line' id='line_1_17' title="bbox 381 2161 1435 2244; baseline 0.002 -20"><span class='ocrx_word' id='word_1_132' title='bbox 381 2164 440 2224; x_wconf 87' lang='lat' dir='ltr'>etc.</span> <span class='ocrx_word' id='word_1_133' title='bbox 461 2185 478 2224; x_wconf 87' lang='lat'>»</span> <span class='ocrx_word' id='word_1_134' title='bbox 501 2163 598 2226; x_wconf 88' lang='lat' dir='ltr'>Nemo</span> <span class='ocrx_word' id='word_1_135' title='bbox 618 2169 725 2224; x_wconf 89' lang='grc'><strong>166166</strong></span> <span class='ocrx_word' id='word_1_136' title='bbox 756 2165 936 2240; x_wconf 88' lang='lat' dir='ltr'>indicavit,</span> <span class='ocrx_word' id='word_1_137' title='bbox 958 2181 1152 2244; x_wconf 90' lang='lat' dir='ltr'>quamquam</span> <span class='ocrx_word' id='word_1_138' title='bbox 1174 2164 1296 2225; x_wconf 84' lang='lat' dir='ltr'>duobus</span> <span class='ocrx_word' id='word_1_139' title='bbox 1321 2161 1435 2226; x_wconf 88' lang='lat' dir='ltr'>Senati</span> 
     </span>
     <span class='ocr_line' id='line_1_18' title="bbox 383 2259 1434 2342; baseline 0.003 -20"><span class='ocrx_word' id='word_1_140' title='bbox 383 2259 517 2322; x_wconf 81' lang='lat' dir='ltr'>decretis</span> <span class='ocrx_word' id='word_1_141' title='bbox 527 2279 581 2340; x_wconf 88' lang='lat' dir='ltr'><strong>per</strong></span> <span class='ocrx_word' id='word_1_142' title='bbox 592 2263 732 2342; x_wconf 90' lang='lat' dir='ltr'>praemia</span> <span class='ocrx_word' id='word_1_143' title='bbox 744 2261 910 2334; x_wconf 87' lang='lat' dir='ltr'>invitatus,</span> <span class='ocrx_word' id='word_1_144' title='bbox 922 2261 1005 2340; x_wconf 90' lang='lat' dir='ltr'>quod</span> <span class='ocrx_word' id='word_1_145' title='bbox 1015 2260 1099 2323; x_wconf 90' lang='lat' dir='ltr'>dolet</span> <span class='ocrx_word' id='word_1_146' title='bbox 1110 2261 1286 2325; x_wconf 74' lang='lat' dir='ltr'><strong>Sallustius</strong></span> <span class='ocrx_word' id='word_1_147' title='bbox 1301 2260 1331 2322; x_wconf 79' lang='lat' dir='ltr'><strong>O.</strong></span> <span class='ocrx_word' id='word_1_148' title='bbox 1343 2259 1390 2320; x_wconf 86' lang='lat'><strong>36.</strong></span> <span class='ocrx_word' id='word_1_149' title='bbox 1402 2261 1434 2325; x_wconf 89' lang='grc'><strong>5.</strong></span> 
     </span>
    </p>

    <p class='ocr_par' dir='ltr' id='par_1_5' title="bbox 381 2358 1436 2738">
     <span class='ocr_line' id='line_1_19' title="bbox 462 2358 1436 2438; baseline -0.001 -18"><span class='ocrx_word' id='word_1_150' title='bbox 462 2358 496 2428; x_wconf 79' lang='lat'><strong>0.</strong></span> <span class='ocrx_word' id='word_1_151' title='bbox 516 2359 563 2420; x_wconf 86' lang='grc'><strong>30.</strong></span> <span class='ocrx_word' id='word_1_152' title='bbox 585 2358 613 2421; x_wconf 93' lang='grc'><strong>7.</strong></span> <span class='ocrx_word' id='word_1_153' title='bbox 637 2379 655 2419; x_wconf 75' lang='lat' dir='ltr'>&lt;r</span> <span class='ocrx_word' id='word_1_154' title='bbox 675 2365 710 2421; x_wconf 86' lang='lat' dir='ltr'><strong>ut</strong></span> <span class='ocrx_word' id='word_1_155' title='bbox 730 2359 941 2437; x_wconf 76' lang='lat' dir='ltr'>gladiatoriae</span> <span class='ocrx_word' id='word_1_156' title='bbox 961 2359 1104 2419; x_wconf 80' lang='lat' dir='ltr'>familiae</span> <span class='ocrx_word' id='word_1_157' title='bbox 1126 2358 1266 2438; x_wconf 80' lang='lat' dir='ltr'>Capuam</span> <span class='ocrx_word' id='word_1_158' title='bbox 1283 2363 1313 2418; x_wconf 91' lang='grc'><strong>61</strong></span> <span class='ocrx_word' id='word_1_159' title='bbox 1327 2358 1436 2419; x_wconf 81' lang='lat' dir='ltr'>inca-</span> 
     </span>
     <span class='ocr_line' id='line_1_20' title="bbox 381 2453 1434 2538; baseline -0.001 -21"><span class='ocrx_word' id='word_1_160' title='bbox 381 2459 449 2522; x_wconf 85' lang='lat' dir='ltr'>tera</span> <span class='ocrx_word' id='word_1_161' title='bbox 462 2458 638 2538; x_wconf 88' lang='lat' dir='ltr'>municipia</span> <span class='ocrx_word' id='word_1_162' title='bbox 651 2457 915 2518; x_wconf 88' lang='lat' dir='ltr'>distribueretnur</span> <span class='ocrx_word' id='word_1_163' title='bbox 928 2474 983 2538; x_wconf 89' lang='lat' dir='ltr'>pro</span> <span class='ocrx_word' id='word_1_164' title='bbox 997 2456 1153 2533; x_wconf 89' lang='lat' dir='ltr'>cuiusque</span> <span class='ocrx_word' id='word_1_165' title='bbox 1166 2455 1290 2534; x_wconf 89' lang='lat' dir='ltr'>opibus.</span> <span class='ocrx_word' id='word_1_166' title='bbox 1305 2475 1323 2516; x_wconf 87' lang='lat'><strong>›&gt;</strong></span> <span class='ocrx_word' id='word_1_167' title='bbox 1339 2453 1434 2516; x_wconf 88' lang='lat' dir='ltr'>Hanc</span> 
     </span>
     <span class='ocr_line' id='line_1_21' title="bbox 382 2551 1433 2632; baseline 0.002 -20"><span class='ocrx_word' id='word_1_168' title='bbox 382 2551 641 2616; x_wconf 86' lang='lat' dir='ltr'>distributionem</span> <span class='ocrx_word' id='word_1_169' title='bbox 662 2569 717 2632; x_wconf 89' lang='lat' dir='ltr'><strong>per</strong></span> <span class='ocrx_word' id='word_1_170' title='bbox 738 2552 933 2630; x_wconf 88' lang='lat' dir='ltr'>municipia,</span> <span class='ocrx_word' id='word_1_171' title='bbox 954 2551 1134 2612; x_wconf 88' lang='lat' dir='ltr'>removendi</span> <span class='ocrx_word' id='word_1_172' title='bbox 1154 2552 1288 2632; x_wconf 89' lang='lat' dir='ltr'>periculi</span> <span class='ocrx_word' id='word_1_173' title='bbox 1313 2569 1433 2631; x_wconf 86' lang='lat' dir='ltr'>causa,</span> 
     </span>
     <span class='ocr_line' id='line_1_22' title="bbox 383 2642 1323 2738; baseline 0.001 -27"><span class='ocrx_word' id='word_1_174' title='bbox 383 2649 507 2713; x_wconf 85' lang='lat' dir='ltr'>solebat</span> <span class='ocrx_word' id='word_1_175' title='bbox 527 2651 628 2712; x_wconf 87' lang='lat' dir='ltr'>lacere</span> <span class='ocrx_word' id='word_1_176' title='bbox 648 2642 691 2710; x_wconf 75' lang='lat' dir='ltr'><strong>P.</strong></span> <span class='ocrx_word' id='word_1_177' title='bbox 705 2649 750 2726; x_wconf 80' lang='lat' dir='ltr'><strong>R,</strong></span> <span class='ocrx_word' id='word_1_178' title='bbox 771 2655 807 2710; x_wconf 90' lang='lat' dir='ltr'><strong>ut</strong></span> <span class='ocrx_word' id='word_1_179' title='bbox 827 2668 867 2710; x_wconf 86' lang='lat' dir='ltr'>ex</span> <span class='ocrx_word' id='word_1_180' title='bbox 888 2648 1043 2710; x_wconf 84' lang='lat' dir='ltr'>Sallustio</span> <span class='ocrx_word' id='word_1_181' title='bbox 1061 2647 1133 2738; x_wconf 64' lang='lat' dir='ltr'>Oui.</span> <span class='ocrx_word' id='word_1_182' title='bbox 1150 2647 1181 2712; x_wconf 82' lang='lat'><strong>0.</strong></span> <span class='ocrx_word' id='word_1_183' title='bbox 1204 2650 1251 2712; x_wconf 89' lang='lat'><strong>51.</strong></span> <span class='ocrx_word' id='word_1_184' title='bbox 1273 2651 1323 2712; x_wconf 88' lang='lat'><strong>43.</strong></span> 
     </span>
    </p>

    <p class='ocr_par' dir='ltr' id='par_1_6' title="bbox 419 2745 1434 2812">
     <span class='ocr_line' id='line_1_23' title="bbox 419 2745 1434 2812; baseline 0.001 -3"><span class='ocrx_word' id='word_1_185' title='bbox 419 2777 423 2786; x_wconf 93' lang='lat'><em>·</em></span> <span class='ocrx_word' id='word_1_186' title='bbox 463 2746 614 2810; x_wconf 84' lang='grc'><strong>6311.</strong></span> <span class='ocrx_word' id='word_1_187' title='bbox 637 2749 721 2810; x_wconf 79' lang='lat' dir='ltr'>rita</span> <span class='ocrx_word' id='word_1_188' title='bbox 744 2747 785 2810; x_wconf 91' lang='lat' dir='ltr'><strong>ab</strong></span> <span class='ocrx_word' id='word_1_189' title='bbox 816 2745 1032 2810; x_wconf 85' lang='lat' dir='ltr'>adolescentia</span> <span class='ocrx_word' id='word_1_190' title='bbox 1062 2749 1161 2810; x_wconf 88' lang='lat' dir='ltr'>vitam</span> <span class='ocrx_word' id='word_1_191' title='bbox 1189 2750 1369 2812; x_wconf 86' lang='lat' dir='ltr'>instituisse</span> <span class='ocrx_word' id='word_1_192' title='bbox 1396 2754 1434 2810; x_wconf 91' lang='grc'><strong>61</strong></span> 
     </span>
    </p>
   </div>
   <div class='ocr_carea' id='block_1_3' title="bbox 270 2845 1433 2928">
    <p class='ocr_par' dir='ltr' id='par_1_7' title="bbox 270 2845 1433 2928">
     <span class='ocr_line' id='line_1_24' title="bbox 270 2845 1433 2928; baseline 0.004 -24"><span class='ocrx_word' id='word_1_193' title='bbox 270 2896 274 2904; x_wconf 96' lang='grc'><strong>.</strong></span> <span class='ocrx_word' id='word_1_194' title='bbox 382 2847 490 2908; x_wconf 88' lang='grc'><strong>616616</strong></span> <span class='ocrx_word' id='word_1_195' title='bbox 520 2847 602 2910; x_wconf 91' lang='lat' dir='ltr'>bona</span> <span class='ocrx_word' id='word_1_196' title='bbox 632 2847 666 2907; x_wconf 91' lang='lat' dir='ltr'><strong>in</strong></span> <span class='ocrx_word' id='word_1_197' title='bbox 693 2863 749 2926; x_wconf 88' lang='lat' dir='ltr'><strong>spe</strong></span> <span class='ocrx_word' id='word_1_198' title='bbox 776 2846 907 2908; x_wconf 88' lang='lat' dir='ltr'>haberet</span> <span class='ocrx_word' id='word_1_199' title='bbox 927 2869 944 2908; x_wconf 91' lang='lat'>»</span> <span class='ocrx_word' id='word_1_200' title='bbox 976 2845 1136 2924; x_wconf 83' lang='lat' dir='ltr'>Buruous.</span> <span class='ocrx_word' id='word_1_201' title='bbox 1164 2848 1388 2928; x_wconf 88' lang='lat' dir='ltr'>interpretatur</span> <span class='ocrx_word' id='word_1_202' title='bbox 1409 2881 1433 2894; x_wconf 91' lang='lat'><em>-</em></span> 
     </span>
    </p>
   </div>
   <div class='ocr_carea' id='block_1_4' title="bbox 378 2939 1522 3709">
    <p class='ocr_par' dir='ltr' id='par_1_8' title="bbox 378 2939 1522 3513">
     <span class='ocr_line' id='line_1_25' title="bbox 382 2939 1433 3024; baseline 0.002 -20"><span class='ocrx_word' id='word_1_203' title='bbox 382 2943 467 3005; x_wconf 88' lang='lat' dir='ltr'>nihil</span> <span class='ocrx_word' id='word_1_204' title='bbox 487 2963 549 3006; x_wconf 90' lang='lat' dir='ltr'><strong>non</strong></span> <span class='ocrx_word' id='word_1_205' title='bbox 570 2944 644 3007; x_wconf 91' lang='lat' dir='ltr'>boni</span> <span class='ocrx_word' id='word_1_206' title='bbox 664 2979 685 2991; x_wconf 94' lang='lat'>-</span> <span class='ocrx_word' id='word_1_207' title='bbox 706 2946 845 3022; x_wconf 82' lang='lat' dir='ltr'>iungens</span> <span class='ocrx_word' id='word_1_208' title='bbox 866 2945 971 3005; x_wconf 78' lang='lat' dir='ltr'>ouulu</span> <span class='ocrx_word' id='word_1_209' title='bbox 992 2943 1034 3005; x_wconf 82' lang='lat' dir='ltr'>ud</span> <span class='ocrx_word' id='word_1_210' title='bbox 1053 2943 1128 3005; x_wconf 86' lang='lat' dir='ltr'>louu</span> <span class='ocrx_word' id='word_1_211' title='bbox 1139 2965 1151 3020; x_wconf 92' lang='grc'><strong>,·</strong></span> <span class='ocrx_word' id='word_1_212' title='bbox 1178 2939 1284 3024; x_wconf 88' lang='lat' dir='ltr'>potius</span> <span class='ocrx_word' id='word_1_213' title='bbox 1304 2945 1433 3007; x_wconf 86' lang='lat' dir='ltr'>ridetur</span> 
     </span>
     <span class='ocr_line' id='line_1_26' title="bbox 383 3039 1522 3120; baseline -0.002 -16"><span class='ocrx_word' id='word_1_214' title='bbox 383 3041 582 3120; x_wconf 79' lang='lat' dir='ltr'>iungendum</span> <span class='ocrx_word' id='word_1_215' title='bbox 603 3039 685 3104; x_wconf 80' lang='grc'><strong>6666</strong></span> <span class='ocrx_word' id='word_1_216' title='bbox 700 3042 735 3101; x_wconf 88' lang='lat' dir='ltr'><strong>iu</strong></span> <span class='ocrx_word' id='word_1_217' title='bbox 748 3057 801 3120; x_wconf 81' lang='lat' dir='ltr'><strong>spe</strong></span> <span class='ocrx_word' id='word_1_218' title='bbox 816 3060 856 3102; x_wconf 86' lang='lat' dir='ltr'>ex</span> <span class='ocrx_word' id='word_1_219' title='bbox 870 3041 1027 3120; x_wconf 85' lang='lat' dir='ltr'>frequenti</span> <span class='ocrx_word' id='word_1_220' title='bbox 1043 3057 1105 3102; x_wconf 88' lang='grc'><strong>666</strong></span> <span class='ocrx_word' id='word_1_221' title='bbox 1120 3039 1323 3120; x_wconf 81' lang='lat' dir='ltr'>Scriptorum,</span> <span class='ocrx_word' id='word_1_222' title='bbox 1338 3057 1434 3119; x_wconf 88' lang='lat' dir='ltr'>prae-</span> <span class='ocrx_word' id='word_1_223' title='bbox 1519 3061 1522 3064; x_wconf 90' lang='lat'>·</span> 
     </span>
     <span class='ocr_line' id='line_1_27' title="bbox 382 3136 1431 3214; baseline -0.003 -12"><span class='ocrx_word' id='word_1_224' title='bbox 382 3141 494 3202; x_wconf 86' lang='lat' dir='ltr'>sertim</span> <span class='ocrx_word' id='word_1_225' title='bbox 515 3138 667 3202; x_wconf 79' lang='lat' dir='ltr'>Sallustii</span> <span class='ocrx_word' id='word_1_226' title='bbox 687 3137 755 3211; x_wconf 76' lang='grc' dir='ltr'><strong>Ι061.</strong></span> <span class='ocrx_word' id='word_1_227' title='bbox 780 3136 811 3200; x_wconf 81' lang='lat' dir='ltr'><strong>O.</strong></span> <span class='ocrx_word' id='word_1_228' title='bbox 825 3137 876 3201; x_wconf 86' lang='lat'><strong>20.</strong></span> <span class='ocrx_word' id='word_1_229' title='bbox 897 3139 954 3214; x_wconf 80' lang='grc'><strong>13,</strong></span> <span class='ocrx_word' id='word_1_230' title='bbox 972 3139 1025 3202; x_wconf 73' lang='lat' dir='ltr'><strong>al.</strong></span> <span class='ocrx_word' id='word_1_231' title='bbox 1048 3139 1086 3212; x_wconf 94' lang='grc'><strong>1.,</strong></span> <span class='ocrx_word' id='word_1_232' title='bbox 1109 3137 1180 3212; x_wconf 71' lang='lat' dir='ltr'>Iup.</span> <span class='ocrx_word' id='word_1_233' title='bbox 1194 3137 1243 3198; x_wconf 87' lang='grc'><strong>44.</strong></span> <span class='ocrx_word' id='word_1_234' title='bbox 1257 3137 1296 3212; x_wconf 82' lang='grc'><strong>2.,</strong></span> <span class='ocrx_word' id='word_1_235' title='bbox 1313 3137 1380 3198; x_wconf 89' lang='grc'><strong>113.</strong></span> <span class='ocrx_word' id='word_1_236' title='bbox 1393 3137 1431 3214; x_wconf 85' lang='grc'><strong>2.,</strong></span> 
     </span>
     <span class='ocr_line' id='line_1_28' title="bbox 383 3233 1460 3312; baseline -0.007 -10"><span class='ocrx_word' id='word_1_237' title='bbox 383 3238 428 3302; x_wconf 88' lang='grc' dir='ltr'><strong>Η.</strong></span> <span class='ocrx_word' id='word_1_238' title='bbox 448 3237 476 3299; x_wconf 90' lang='grc'><strong>3.</strong></span> <span class='ocrx_word' id='word_1_239' title='bbox 497 3235 545 3298; x_wconf 92' lang='grc'><strong>61.</strong></span> <span class='ocrx_word' id='word_1_240' title='bbox 565 3237 595 3299; x_wconf 90' lang='grc'><strong>4.</strong></span> <span class='ocrx_word' id='word_1_241' title='bbox 619 3236 730 3299; x_wconf 82' lang='grc'><strong>016616</strong></span> <span class='ocrx_word' id='word_1_242' title='bbox 751 3242 871 3312; x_wconf 86' lang='grc'><strong>666116,</strong></span> <span class='ocrx_word' id='word_1_243' title='bbox 893 3239 961 3298; x_wconf 87' lang='grc'><strong>6166</strong></span> <span class='ocrx_word' id='word_1_244' title='bbox 976 3237 1038 3297; x_wconf 89' lang='grc'><strong>6116</strong></span> <span class='ocrx_word' id='word_1_245' title='bbox 1059 3236 1196 3310; x_wconf 87' lang='grc'><strong>6616166,</strong></span> <span class='ocrx_word' id='word_1_246' title='bbox 1212 3235 1283 3296; x_wconf 89' lang='lat' dir='ltr'>vida</span> <span class='ocrx_word' id='word_1_247' title='bbox 1297 3235 1367 3310; x_wconf 70' lang='lat' dir='ltr'>Iup.</span> <span class='ocrx_word' id='word_1_248' title='bbox 1381 3233 1431 3297; x_wconf 88' lang='lat'><strong>41.</strong></span> <span class='ocrx_word' id='word_1_249' title='bbox 1458 3277 1460 3284; x_wconf 73' lang='lat'><em>·</em></span> 
     </span>
     <span class='ocr_line' id='line_1_29' title="bbox 378 3333 1510 3416; baseline -0.006 -16"><span class='ocrx_word' id='word_1_250' title='bbox 378 3337 412 3400; x_wconf 80' lang='grc'><strong>’5.</strong></span> <span class='ocrx_word' id='word_1_251' title='bbox 432 3341 463 3399; x_wconf 87' lang='grc'><strong>61</strong></span> <span class='ocrx_word' id='word_1_252' title='bbox 483 3336 511 3398; x_wconf 85' lang='grc'><strong>9.</strong></span> <span class='ocrx_word' id='word_1_253' title='bbox 532 3339 563 3398; x_wconf 92' lang='grc'><strong>61</strong></span> <span class='ocrx_word' id='word_1_254' title='bbox 583 3335 701 3416; x_wconf 88' lang='lat' dir='ltr'>pluries</span> <span class='ocrx_word' id='word_1_255' title='bbox 723 3336 812 3398; x_wconf 93' lang='lat' dir='ltr'>alibi.</span> <span class='ocrx_word' id='word_1_256' title='bbox 833 3334 1035 3413; x_wconf 73' lang='lat' dir='ltr'>significatio</span> <span class='ocrx_word' id='word_1_257' title='bbox 1054 3338 1102 3394; x_wconf 89' lang='lat' dir='ltr'><strong>est</strong></span> <span class='ocrx_word' id='word_1_258' title='bbox 1128 3367 1150 3380; x_wconf 90' lang='lat'>-</span> <span class='ocrx_word' id='word_1_259' title='bbox 1171 3351 1278 3395; x_wconf 88' lang='lat' dir='ltr'>omnes</span> <span class='ocrx_word' id='word_1_260' title='bbox 1292 3333 1342 3396; x_wconf 84' lang='lat' dir='ltr'><strong>res</strong></span> <span class='ocrx_word' id='word_1_261' title='bbox 1356 3351 1431 3396; x_wconf 89' lang='lat' dir='ltr'>suas</span> <span class='ocrx_word' id='word_1_262' title='bbox 1507 3385 1510 3393; x_wconf 88' lang='lat'>.</span> 
     </span>
     <span class='ocr_line' id='line_1_30' title="bbox 383 3431 1211 3513; baseline -0.007 -15"><span class='ocrx_word' id='word_1_263' title='bbox 383 3435 427 3498; x_wconf 85' lang='lat' dir='ltr'><strong>ad</strong></span> <span class='ocrx_word' id='word_1_264' title='bbox 446 3435 562 3497; x_wconf 89' lang='lat' dir='ltr'>bonum</span> <span class='ocrx_word' id='word_1_265' title='bbox 582 3435 735 3513; x_wconf 85' lang='lat' dir='ltr'>provisas,</span> <span class='ocrx_word' id='word_1_266' title='bbox 756 3449 831 3494; x_wconf 91' lang='lat' dir='ltr'>cum</span> <span class='ocrx_word' id='word_1_267' title='bbox 852 3433 927 3494; x_wconf 93' lang='lat' dir='ltr'>boni</span> <span class='ocrx_word' id='word_1_268' title='bbox 948 3431 1174 3510; x_wconf 82' lang='lat' dir='ltr'>expectatione.</span> <span class='ocrx_word' id='word_1_269' title='bbox 1189 3465 1211 3477; x_wconf 96' lang='lat'><em>-</em></span> 
     </span>
    </p>

    <p class='ocr_par' dir='ltr' id='par_1_9' title="bbox 384 3527 1431 3709">
     <span class='ocr_line' id='line_1_31' title="bbox 464 3527 1431 3612; baseline -0.003 -19"><span class='ocrx_word' id='word_1_270' title='bbox 464 3531 498 3593; x_wconf 84' lang='grc'><strong>0.</strong></span> <span class='ocrx_word' id='word_1_271' title='bbox 519 3531 567 3593; x_wconf 88' lang='grc'><strong>31.</strong></span> <span class='ocrx_word' id='word_1_272' title='bbox 587 3530 615 3592; x_wconf 92' lang='grc'><strong>7.</strong></span> <span class='ocrx_word' id='word_1_273' title='bbox 637 3551 654 3592; x_wconf 90' lang='lat'>«</span> <span class='ocrx_word' id='word_1_274' title='bbox 674 3549 748 3594; x_wconf 90' lang='lat' dir='ltr'>cum</span> <span class='ocrx_word' id='word_1_275' title='bbox 779 3549 848 3596; x_wconf 88' lang='lat' dir='ltr'><strong>eam</strong></span> <span class='ocrx_word' id='word_1_276' title='bbox 881 3527 978 3612; x_wconf 86' lang='lat' dir='ltr'>(rem.</span> <span class='ocrx_word' id='word_1_277' title='bbox 999 3527 1050 3612; x_wconf 85' lang='lat' dir='ltr'><strong>p.)</strong></span> <span class='ocrx_word' id='word_1_278' title='bbox 1073 3533 1212 3590; x_wconf 88' lang='lat' dir='ltr'>seruaret</span> <span class='ocrx_word' id='word_1_279' title='bbox 1238 3528 1279 3590; x_wconf 88' lang='lat' dir='ltr'><strong>M.</strong></span> <span class='ocrx_word' id='word_1_280' title='bbox 1303 3529 1431 3592; x_wconf 81' lang='lat' dir='ltr'>Tullius</span> 
     </span>
     <span class='ocr_line' id='line_1_32' title="bbox 384 3627 1431 3709; baseline -0.006 -17"><span class='ocrx_word' id='word_1_281' title='bbox 384 3631 494 3692; x_wconf 82' lang='lat' dir='ltr'>Cicero</span> <span class='ocrx_word' id='word_1_282' title='bbox 521 3629 701 3709; x_wconf 90' lang='lat' dir='ltr'>inquilinus</span> <span class='ocrx_word' id='word_1_283' title='bbox 731 3631 814 3692; x_wconf 87' lang='grc'><strong>61116</strong></span> <span class='ocrx_word' id='word_1_284' title='bbox 846 3628 934 3690; x_wconf 90' lang='lat' dir='ltr'>urbis</span> <span class='ocrx_word' id='word_1_285' title='bbox 962 3627 1078 3689; x_wconf 87' lang='lat' dir='ltr'>Romae</span> <span class='ocrx_word' id='word_1_286' title='bbox 1105 3651 1122 3690; x_wconf 93' lang='lat'>»</span> <span class='ocrx_word' id='word_1_287' title='bbox 1152 3627 1291 3690; x_wconf 89' lang='lat' dir='ltr'>Observa</span> <span class='ocrx_word' id='word_1_288' title='bbox 1318 3645 1431 3689; x_wconf 91' lang='lat' dir='ltr'>nomen</span> 
     </span>
    </p>
   </div>
   <div class='ocr_carea' id='block_1_5' title="bbox 263 3726 1432 3808">
    <p class='ocr_par' dir='ltr' id='par_1_10' title="bbox 263 3726 1432 3808">
     <span class='ocr_line' id='line_1_33' title="bbox 263 3726 1432 3808; baseline -0.005 -19"><span class='ocrx_word' id='word_1_289' title='bbox 263 3747 265 3756; x_wconf 72' lang='grc'>’</span> <span class='ocrx_word' id='word_1_290' title='bbox 385 3727 544 3788; x_wconf 83' lang='lat' dir='ltr'>Ciceronis</span> <span class='ocrx_word' id='word_1_291' title='bbox 565 3731 689 3807; x_wconf 89' lang='lat' dir='ltr'>septum</span> <span class='ocrx_word' id='word_1_292' title='bbox 710 3727 804 3808; x_wconf 90' lang='lat' dir='ltr'>plena</span> <span class='ocrx_word' id='word_1_293' title='bbox 824 3726 992 3787; x_wconf 87' lang='lat' dir='ltr'>notatione·</span> <span class='ocrx_word' id='word_1_294' title='bbox 1012 3745 1068 3806; x_wconf 88' lang='lat' dir='ltr'><strong>per</strong></span> <span class='ocrx_word' id='word_1_295' title='bbox 1088 3728 1280 3806; x_wconf 87' lang='lat' dir='ltr'>proterviam</span> <span class='ocrx_word' id='word_1_296' title='bbox 1307 3730 1338 3786; x_wconf 93' lang='lat' dir='ltr'><strong>et</strong></span> <span class='ocrx_word' id='word_1_297' title='bbox 1362 3726 1432 3785; x_wconf 90' lang='lat' dir='ltr'>irc-</span> 
     </span>
    </p>
   </div>
   <div class='ocr_carea' id='block_1_6' title="bbox 383 3821 1434 4404">
    <p class='ocr_par' dir='ltr' id='par_1_11' title="bbox 383 3821 1434 4404">
     <span class='ocr_line' id='line_1_34' title="bbox 383 3821 1432 3902; baseline -0.006 -17"><span class='ocrx_word' id='word_1_298' title='bbox 383 3823 472 3885; x_wconf 88' lang='lat' dir='ltr'>niam</span> <span class='ocrx_word' id='word_1_299' title='bbox 484 3842 492 3901; x_wconf 91' lang='lat'>;</span> <span class='ocrx_word' id='word_1_300' title='bbox 513 3824 589 3886; x_wconf 92' lang='lat' dir='ltr'>item</span> <span class='ocrx_word' id='word_1_301' title='bbox 610 3824 696 3884; x_wconf 84' lang='lat' dir='ltr'>urbis</span> <span class='ocrx_word' id='word_1_302' title='bbox 717 3823 842 3884; x_wconf 80' lang='grc'><strong>1166166.</strong></span> <span class='ocrx_word' id='word_1_303' title='bbox 864 3822 1004 3886; x_wconf 82' lang='lat' dir='ltr'>Ciceroni</span> <span class='ocrx_word' id='word_1_304' title='bbox 1024 3825 1146 3888; x_wconf 90' lang='lat' dir='ltr'>obiecta</span> <span class='ocrx_word' id='word_1_305' title='bbox 1160 3827 1207 3885; x_wconf 90' lang='lat' dir='ltr'><strong>est</strong></span> <span class='ocrx_word' id='word_1_306' title='bbox 1220 3821 1432 3902; x_wconf 79' lang='lat' dir='ltr'>peregrinitas</span> 
     </span>
     <span class='ocr_line' id='line_1_35' title="bbox 384 3921 1433 4001; baseline -0.005 -19"><span class='ocrx_word' id='word_1_307' title='bbox 384 3939 447 3982; x_wconf 90' lang='lat' dir='ltr'><strong>non</strong></span> <span class='ocrx_word' id='word_1_308' title='bbox 468 3921 570 3996; x_wconf 87' lang='lat' dir='ltr'>solum</span> <span class='ocrx_word' id='word_1_309' title='bbox 591 3941 610 3982; x_wconf 97' lang='grc'><strong>6</strong></span> <span class='ocrx_word' id='word_1_310' title='bbox 632 3922 770 3984; x_wconf 76' lang='lat' dir='ltr'>Catilina</span> <span class='ocrx_word' id='word_1_311' title='bbox 791 3921 846 3983; x_wconf 89' lang='lat' dir='ltr'><strong>sed</strong></span> <span class='ocrx_word' id='word_1_312' title='bbox 866 3924 897 3982; x_wconf 91' lang='grc'><strong>61</strong></span> <span class='ocrx_word' id='word_1_313' title='bbox 917 3939 937 3982; x_wconf 87' lang='grc'><strong>6</strong></span> <span class='ocrx_word' id='word_1_314' title='bbox 957 3921 991 3982; x_wconf 92' lang='lat' dir='ltr'><strong>L.</strong></span> <span class='ocrx_word' id='word_1_315' title='bbox 1014 3921 1191 4001; x_wconf 84' lang='lat' dir='ltr'>Torquato,</span> <span class='ocrx_word' id='word_1_316' title='bbox 1214 3925 1250 3980; x_wconf 90' lang='grc'><strong>61</strong></span> <span class='ocrx_word' id='word_1_317' title='bbox 1276 3921 1364 3998; x_wconf 84' lang='lat' dir='ltr'>patet</span> <span class='ocrx_word' id='word_1_318' title='bbox 1393 3935 1433 3978; x_wconf 86' lang='lat' dir='ltr'>ex</span> 
     </span>
     <span class='ocr_line' id='line_1_36' title="bbox 390 4014 1433 4100; baseline -0.006 -20"><span class='ocrx_word' id='word_1_319' title='bbox 390 4017 543 4098; x_wconf 75' lang='grc'><strong>0161616</strong></span> <span class='ocrx_word' id='word_1_320' title='bbox 565 4018 656 4082; x_wconf 85' lang='lat' dir='ltr'>Sullu</span> <span class='ocrx_word' id='word_1_321' title='bbox 679 4018 710 4082; x_wconf 79' lang='lat'><strong>0.</strong></span> <span class='ocrx_word' id='word_1_322' title='bbox 731 4016 759 4079; x_wconf 92' lang='grc'><strong>7.</strong></span> <span class='ocrx_word' id='word_1_323' title='bbox 780 4023 813 4080; x_wconf 81' lang='lat' dir='ltr'><strong>rt</strong></span> <span class='ocrx_word' id='word_1_324' title='bbox 829 4018 867 4096; x_wconf 89' lang='grc'><strong>8.,</strong></span> <span class='ocrx_word' id='word_1_325' title='bbox 881 4019 964 4098; x_wconf 91' lang='lat' dir='ltr'>quod</span> <span class='ocrx_word' id='word_1_326' title='bbox 979 4019 1127 4100; x_wconf 86' lang='lat' dir='ltr'>probrum</span> <span class='ocrx_word' id='word_1_327' title='bbox 1143 4018 1250 4080; x_wconf 85' lang='lat' dir='ltr'>Cicero</span> <span class='ocrx_word' id='word_1_328' title='bbox 1268 4014 1433 4077; x_wconf 84' lang='grc'><strong>611116616-</strong></span> 
     </span>
     <span class='ocr_line' id='line_1_37' title="bbox 386 4112 1434 4190; baseline -0.005 -13"><span class='ocrx_word' id='word_1_329' title='bbox 386 4133 571 4179; x_wconf 85' lang='grc'><strong>166666666</strong></span> <span class='ocrx_word' id='word_1_330' title='bbox 591 4117 729 4181; x_wconf 87' lang='grc'><strong>6116661</strong></span> <span class='ocrx_word' id='word_1_331' title='bbox 749 4117 940 4180; x_wconf 88' lang='lat' dir='ltr'>clarissimis</span> <span class='ocrx_word' id='word_1_332' title='bbox 961 4119 1040 4179; x_wconf 83' lang='lat' dir='ltr'>uiris</span> <span class='ocrx_word' id='word_1_333' title='bbox 1069 4116 1195 4190; x_wconf 86' lang='grc'><strong>061666,</strong></span> <span class='ocrx_word' id='word_1_334' title='bbox 1225 4112 1434 4188; x_wconf 80' lang='lat' dir='ltr'>Coruncanio,</span> 
     </span>
     <span class='ocr_line' id='line_1_38' title="bbox 389 4215 1433 4297; baseline -0.005 -19"><span class='ocrx_word' id='word_1_335' title='bbox 389 4216 543 4292; x_wconf 83' lang='grc'><strong>0611666,</strong></span> <span class='ocrx_word' id='word_1_336' title='bbox 574 4215 693 4294; x_wconf 87' lang='grc' dir='ltr'><strong>Μ6116,</strong></span> <span class='ocrx_word' id='word_1_337' title='bbox 714 4218 811 4280; x_wconf 88' lang='lat' dir='ltr'>immo</span> <span class='ocrx_word' id='word_1_338' title='bbox 832 4218 991 4297; x_wconf 81' lang='lat' dir='ltr'>gloriatur</span> <span class='ocrx_word' id='word_1_339' title='bbox 1011 4220 1041 4279; x_wconf 90' lang='lat' dir='ltr'><strong>et</strong></span> <span class='ocrx_word' id='word_1_340' title='bbox 1063 4215 1161 4276; x_wconf 87' lang='lat' dir='ltr'>iactat</span> <span class='ocrx_word' id='word_1_341' title='bbox 1180 4233 1213 4277; x_wconf 88' lang='grc'><strong>66</strong></span> <span class='ocrx_word' id='word_1_342' title='bbox 1240 4231 1307 4275; x_wconf 86' lang='grc'><strong>6666</strong></span> <span class='ocrx_word' id='word_1_343' title='bbox 1334 4231 1374 4274; x_wconf 87' lang='lat' dir='ltr'>ex</span> <span class='ocrx_word' id='word_1_344' title='bbox 1397 4231 1433 4274; x_wconf 90' lang='lat' dir='ltr'>eo</span> 
     </span>
     <span class='ocr_line' id='line_1_39' title="bbox 386 4311 1434 4404; baseline -0.003 -27"><span class='ocrx_word' id='word_1_345' title='bbox 386 4315 571 4404; x_wconf 85' lang='lat' dir='ltr'>municipio,</span> <span class='ocrx_word' id='word_1_346' title='bbox 592 4315 677 4382; x_wconf 87' lang='lat' dir='ltr'>uode</span> <span class='ocrx_word' id='word_1_347' title='bbox 698 4315 762 4380; x_wconf 87' lang='lat' dir='ltr'><strong>iam</strong></span> <span class='ocrx_word' id='word_1_348' title='bbox 783 4317 870 4382; x_wconf 87' lang='lat' dir='ltr'>salus</span> <span class='ocrx_word' id='word_1_349' title='bbox 892 4317 962 4380; x_wconf 91' lang='lat' dir='ltr'>urbi</span> <span class='ocrx_word' id='word_1_350' title='bbox 982 4314 1174 4399; x_wconf 84' lang='lat' dir='ltr'>imperioque</span> <span class='ocrx_word' id='word_1_351' title='bbox 1189 4312 1289 4377; x_wconf 88' lang='lat' dir='ltr'>missa</span> <span class='ocrx_word' id='word_1_352' title='bbox 1302 4315 1360 4378; x_wconf 84' lang='lat' dir='ltr'>est.</span> <span class='ocrx_word' id='word_1_353' title='bbox 1376 4311 1434 4374; x_wconf 56' lang='lat' dir='ltr'><strong>In*</strong></span> 
     </span>
    </p>
   </div>
   <div class='ocr_carea' id='block_1_7' title="bbox 0 0 1669 5188">
    <p class='ocr_par' dir='ltr' id='par_1_12' title="bbox 0 0 1669 5188">
     <span class='ocr_line' id='line_1_40' title="bbox 0 0 1669 5188; baseline 0 0"><span class='ocrx_word' id='word_1_354' title='bbox 0 0 1669 5188; x_wconf 95' lang='lat' dir='ltr'><strong> </strong></span> 
     </span>
    </p>
   </div>
   <div class='ocr_carea' id='block_1_8' title="bbox 1629 1232 1632 1780">
    <p class='ocr_par' dir='ltr' id='par_1_13' title="bbox 1629 1232 1632 1780">
     <span class='ocr_line' id='line_1_41' title="bbox 1629 1232 1632 1780; baseline 0 0"><span class='ocrx_word' id='word_1_355' title='bbox 1629 1232 1632 1780; x_wconf 95' lang='lat' dir='ltr'><strong> </strong></span> 
     </span>
    </p>
   </div>
  </div>
 </body>
</html>
