3330 5180
706 570 907 672 -rs-‘

261 748 385 811 vitiosis
405 745 476 826 agri
497 745 654 809 tractibus
668 779 707 821 -,
721 746 903 808 coniectura
924 761 1021 824 quem
1041 759 1083 807 ex
1102 744 1247 810 omnibus
1268 762 1308 808 e-

259 847 404 926 ligerem,
425 845 489 906 nisi
509 843 606 906 uerba
623 842 725 906 Nortia·
744 848 873 924 possent
891 841 955 906 alio
974 841 1066 904 modo
1085 843 1291 924 comprobari.

338 941 391 1004 Fr,
412 942 440 1004 6.
463 946 588 1022 «perte
607 946 798 1022 consumpta
818 937 943 1020 reliqua
963 939 1153 1006 cadauerum
1174 939 1215 1002 ad
1235 939 1311 1002 diu-

258 1041 446 1103 turnitatem
477 1057 556 1102 usus
589 1039 788 1102 callerent.»
814 1037 970 1102 Referunt
995 1037 1037 1099 ad
1066 1037 1310 1117 calaguritanus

258 1137 343 1198 fame
355 1137 534 1218 compulsos
550 1135 627 1198 dum
648 1133 810 1198 obsidione
823 1140 1048 1216 premerentur,
1062 1139 1099 1197 ut
1113 1134 1226 1198 scribit
1246 1135 1312 1199 Vc-

257 1231 362 1298 later
382 1229 548 1295 Mecinus
568 1231 598 1295 ’7.
618 1233 646 1294 6.
666 1231 696 1294 3.
718 1231 806 1296 Idem
826 1233 947 1295 factum
973 1237 1126 1295 memoret
1144 1230 1312 1312 capsaces

261 1331 303 1394 ab
320 1325 573 1394 Atheniensibus
593 1348 614 1392 e
634 1327 727 1393 Sulla
748 1329 900 1409 obsessis3
919 1349 951 1392 v.
971 1329 1008 1392 dc
1027 1329 1116 1392 bellis
1134 1329 1247 1392 Mutia
1266 1329 1312 1390 rt⁰

260 1427 321 1491 195
337 1444 371 1508 p.
390 1425 458 1490 331.
479 1427 594 1491 Simile
614 1427 694 1509 quid
713 1427 897 1496 laciendum
917 1427 1028 1490 suadet
1048 1427 1255 1508 (intinguetur
1276 1427 1313 1488 in

261 1525 348 1589 Cura
361 1523 399 1587 B.
418 1521 454 1590 (i.
476 1525 505 1588 7.
518 1524 567 1588 tr.
588 1526 630 1588 iis
643 1526 701 1606 qui
721 1525 847 1588 Alesiae
865 1525 1105 1602 obsidebantur,
1125 1528 1311 1604 consumpto

258 1622 346 1684 omni
368 1623 548 1698 frumento,
567 1621 805 1704 quamtcacecr
825 1627 918 1686 vocat
937 1621 1136 1700 singularem
1157 1636 1195 1684 ac
1214 1622 1311 1683 nefa-

260 1719 340 1781 riam
361 1717 591 1783 crudelitatem.
609 1753 633 1766 -
652 1717 770 1783 Facere
790 1719 874 1799 quod
893 1721 1027 1784 maiores
1047 1719 1159 1796 nostri,
1179 1734 1312 1799 nequa-

259 1833 357 1896 quam
377 1819 446 1899 pari
476 1817 558 1882 bello
579 1817 1051 1898 Cimbroruml'leutcnunque,
1072 1819 1233 1893 lecerunt,
1253 1814 1312 1896 qui

259 1915 295 1976 in
312 1913 429 1996 Toppida
448 1917 611 1996 compulsi,
632 1931 671 1978 ec
691 1917 791 1979 simili
816 1917 924 1997 inopia
944 1916 1079 1992 subacti,
1101 1931 1209 1978 eorum
1230 1929 1311 1976 ccr-

258 2013 388 2092 poribus
408 2015 467 2093 qui
487 2019 591 2076 aetate
618 2014 749 2076 inutiles
770 2013 812 2078 ad
831 2013 950 2077 bellum
967 2013 1188 2088 uidebantur,
1209 2012 1311 2075 uitam

258 2109 479 2186 toleraverant,
500 2127 603 2192 neque
623 2129 658 2174 se
677 2110 823 2174 hostibus
843 2111 1060 2174 tradiderunt*
1072 2144 1096 2158 -

338 2207 391 2269 Fr.
411 2207 460 2272 24.
480 2208 529 2272 24.
544 2227 562 2267 «
577 2225 654 2270 nam
674 2208 731 2288 qui
751 2223 846 2272 enare
865 2211 971 2272 conati
991 2211 1125 2285 fuerent,
1140 2208 1197 2272 icti
1218 2224 1312 2288 saepe

261 2305 452 2384 fragmentis
475 2307 631 2382 navium,
652 2311 709 2368 aut
727 2307 849 2369 adflicti
876 2306 964 2370 aluos
984 2306 1143 2369 undarum
1164 2307 1197 2370 vi
1217 2305 1311 2368 mul-

256 2407 330 2464 catc
350 2403 437 2466 foede
458 2421 596 2486 corpore,
618 2405 768 2468 interiere
786 2411 903 2468 temen.
922 2427 941 2467 r>
962 2404 1108 2480 Noctes,
1132 2409 1235 2466 tumea
1253 2403 1310 2466 bic

256 2499 399 2582 explicat
410 2517 468 2582 per
481 2501 614 2578 taudem,
637 2503 723 2584 quod
743 2521 862 2567 nouum
882 2507 931 2564 est
944 2507 975 2565 et
988 2507 1099 2564 contra
1118 2505 1229 2563 notum
1249 2499 1311 2562 ad-
1418 2513 1421 2518 ’

259 2597 362 2660 verbii
383 2616 479 2660 usum
497 2617 574 2670 eum
594 2602 723 2680 punitur
748 2601 784 2662 in
804 2603 962 2678 extrem03
983 2599 1106 2681 explico
1124 2611 1310 2680 quamquem

257 2711 355 2755 enare
374 2696 481 2756 conati
501 2702 616 2772 esseut,
638 2701 740 2759 tamea
759 2699 915 2778 interiere;
928 2698 1035 2761 -vide
1054 2697 1208 2762 Plautum
1226 2693 1310 2760 Am·-

255 2788 359 2871 plcitr.
380 2791 408 2852 1.
430 2792 457 2853 l.
477 2792 547 2856 241.
567 2825 587 2841 -
606 2811 728 2869 verum,
748 2799 785 2856 ut
805 2799 841 2857 ut
861 2814 894 2858 es
915 2797 1078 2873 facturus,
1098 2795 1159 2858 hoc
1179 2793 1310 2875 quidem

261 2889 368 2952 hercle
387 2889 475 2952 haud
488 2891 626 2954 reticebo
644 2896 752 2954 tamen
765 2893 873 2957 -item
892 2893 986 2974 Epiri.
1007 2893 1035 2956 3.
1055 2893 1084 2956 3.
1103 2893 1163 2968 45.,
1184 2897 1215 2956 et
1234 2891 1263 2953 3.
1276 2891 1308 2952 4.

260 2986 318 3062 tt,
333 2986 446 3051 Bccclr.
466 2988 496 3050 4.
515 2989 545 3052 i.
564 2989 602 3067 t,
616 2988 730 3052 Pseud.
752 2989 779 3055 1.
798 2991 828 3054 4.
843 2991 886 3068 9.,
903 2991 1027 3056 Pereat.
1046 2988 1129 3056 Eric.
1149 2989 1180 3056 2.
1198 2988 1228 3054 2.
1251 2988 1309 3064 12,

261 3084 459 3151 mhzffl.
628 3120 630 3128 ν
748 3119 750 3122 ·

337 3183 392 3246 Fr.
412 3185 461 3247 32.
476 3204 494 3245 <<
512 3203 574 3248 non
594 3189 632 3247 tu
652 3187 725 3263 scis,
746 3187 774 3248 si
795 3205 876 3268 quas
896 3187 989 3251 aedes
1009 3185 1098 3268 ignis
1115 3186 1203 3267 cepit
1221 3184 1309 3247 acri-

259 3284 327 3358 ter,
348 3301 410 3346 non
432 3282 544 3346 faciles
575 3287 652 3346 sunt
680 3282 811 3348 defensa
831 3287 912 3366 quin
937 3287 1164 3350 comburantur
1182 3299 1308 3363 proxu-

260 3399 340 3443 mae.
361 3403 380 3444 i>
403 3381 501 3448 (laede
520 3399 590 3445 esse
610 3379 707 3445 verbe
727 3384 885 3446 monentis
905 3387 942 3448 ut
964 3385 1001 3446 in
1020 3383 1134 3446 Horat.
1154 3379 1259 3461 Epist.
1280 3379 1307 3441 1.

261 3477 311 3538 18.
331 3477 413 3538 84.-
427 3479 510 3544 Nam
530 3485 587 3543 tue
607 3497 656 3542 res
676 3481 787 3560 agitur
805 3482 910 3563 paries
929 3499 1005 3546 cum
1024 3482 1188 3564 proximus
1207 3479 1307 3551 ardet,
1411 3565 1413 3570 ι

260 3575 310 3637 Et
325 3575 476 3655 neglecta·
502 3581 604 3642 solent
632 3578 781 3643 incendia
811 3597 935 3643 sumere
965 3581 1059 3644 uires.
1079 3610 1103 3625 -
1123 3575 1307 3638 Dietscba'as

259 3673 356 3737 verbe
375 3672 455 3738 haec
473 3691 556 3756 quae
573 3673 740 3740 Charisius
758 3677 873 3742 tribuit
894 3675 1021 3756 Crispo,
1042 3676 1205 3740 abiudicat
1226 3673 1307 3738 Sul—

260 3769 368 3847 lcrtio,
390 3777 495 3836 motus
516 3762 709 3854 quibusdam
730 3775 927 3852 rationibus,
946 3780 978 3838 et
997 3775 1164 3856 praecipue
1183 3777 1308 3854 propter

260 3889 369 3932 eorum
390 3869 540 3946 colerem,
560 3873 679 3953 quippe
692 3875 863 3938 ¹insolitum
884 3874 929 3936 sit
947 3879 1033 3936 recta
1051 3873 1192 3936 oratione
1214 3871 1308 3953 posi·-

259 3976 331 4030 tum
351 3973 503 4036 consuat
519 3968 605 4049 quud
624 3969 738 4051 pendet
753 3972 793 4034 ab
805 3965 884 4060 mic,-
904 3970 1016 4036 deinde
1029 3971 1107 4052 quia
1119 3985 1181 4034 coc
1195 3975 1231 4032 ta
1243 3969 1308 4030 scir
1343 4016 1345 4020 .

260 4087 316 4148 pro
333 4070 482 4131 taactcr'r
493 4075 515 4131 'a
527 4067 618 4132 nullo
630 4070 773 4151 prosaico
794 4075 922 4134 auctore
941 4071 1095 4152 scriptum
1116 4069 1307 4132 invenietur.

262 4163 354 4229 Nihil
373 4165 567 4250 culpandum
588 4172 644 4230 eut
675 4167 846 4248 indiguum
866 4168 1021 4232 Sallustio
1051 4169 1156 4232 inesse
1180 4165 1308 4228 videtur

263 4262 369 4327 verbis
400 4283 496 4346 supra
516 4264 635 4328 allatis.
667 4263 847 4328 Orationem
868 4270 987 4330 rectam
1007 4273 1077 4348 post
1095 4277 1156 4326 aaa
1177 4261 1305 4335 tuscis,

262 4361 403 4426 defendit
422 4361 559 4429 Plautus
577 4363 738 4446 Amphitr.
750 4363 780 4430 2.
793 4364 822 4432 2.
835 4360 883 4427 tl.
897 4398 918 4417 -
930 4363 1002 4432 Noa
1024 4369 1059 4429 tc
1078 4361 1142 4426 reis
1161 4359 1307 4431 Bacchae
