3322 5188
380 741 467 806 *solet
479 741 572 802 -en'im
587 739 773 814 Sallustius,
790 756 863 802 cum
884 713 1027 804 or'dinem
1048 757 1111 822 quo
1131 741 1289 804 exercitus
1311 741 1352 802 ad
1372 761 1438 822 pu«

382 852 493 918 gnam
514 839 686 900 instruitur
709 839 824 919 raptim
845 841 993 919 exponit,
1007 839 1055 902 ¹ab
1075 840 1273 920 imperatoris
1294 841 1437 919 pertibus

388 937 526 1016 incipere
545 940 577 996 et
595 935 636 996 ed
657 937 742 1015 ipses
765 936 874 1012 redire,
887 937 960 1012 Iup.
973 937 1020 998 46.
1041 935 1070 1000 7.
1086 938 1231 1016 -itaque
1251 936 1328 1016 epse,
1346 935 1437 1017 (Me-

380 1031 500 1116 tellus)
520 1049 596 1094 cum
617 1033 772 1112 expeditis
793 1031 1032 1096 cohortibus...
1053 1033 1138 1114 apud
1157 1033 1275 1114 primos
1296 1037 1381 1108 eret,
1403 1033 1439 1094 in

381 1135 543 1210 ,postremo
566 1127 597 1192 0.
617 1129 760 1190 Murius
778 1129 904 1210 legatus
935 1147 1010 1193 cum
1040 1131 1202 1212 equitibus
1231 1130 1384 1208 curebatr·
1403 1131 1440 1190 in

383 1231 560 1306 utrumque
586 1228 674 1288 letus
704 1228 877 1290 auxiliares
904 1229 1026 1308 equites
1052 1230 1192 1292 tribunis
1222 1229 1386 1306 legionum
1407 1233 1442 1290 et

384 1325 554 1405 praefectis
576 1323 752 1386 cohortium
772 1324 997 1405 dispertiverat
1010 1323 1186 1408 (Metellus)
1200 1326 1307 1386 -itsm
1328 1323 1440 1399 100,1.

389 1421 895 1503 ud4.1mpemtor,pronomine
922 1424 1010 1504 epse,
1034 1425 1112 1486 retis
1136 1423 1184 1486 eb
1203 1422 1278 1484 eliis
1306 1421 1440 1486 ducibus

380 1517 604 1597 :distinguitur
627 1517 692 1580 Oct.
712 1519 760 1580 59.
782 1519 810 1580 3.
1134 1579 1136 1585 s
1476 1521 1481 1530 '

473 1615 506 1676 0.
527 1615 575 1677 51.
589 1616 617 1678 4.
633 1634 650 1675 «
665 1617 864 1680 simul-orere
884 1621 916 1680 et
930 1617 1055 1681 hortari
1076 1619 1196 1681 milites
1210 1616 1439 1692 nedeficerect,

387 1732 457 1774 neu
477 1719 661 1793 paterentur
675 1714 786 1776 hostes
806 1715 968 1794 fugientes
998 1716 1143 1778 vincere:
1163 1735 1267 1795 neque
1297 1715 1364 1778 illis
1380 1731 1443 1774 ce*

381 1819 458 1872 :stra
479 1829 547 1875 esse
568 1830 671 1899 nequo
691 1813 926 1874 munimentum
953 1813 1057 1874 ullum
1078 1831 1140 1892 quo
1161 1812 1305 1875 cedentes
1322 1811 1441 1874 tende—

384 1913 471 1982 rent,
495 1909 529 1968 in
541 1911 648 1968 ..armis
661 1911 776 1970 omnia
796 1910 867 1982 sita.
879 1933 900 1972 ι»
915 1909 992 1972 Illis
1006 1910 1204 1974 referendum
1224 1912 1265 1972 ad
1284 1909 1442 1970 Romanos

386 2025 457 2068 non
478 2006 519 2067 ed
539 2006 656 2081 hostes,
677 2023 875 2086 quamquam
895 2008 1038 2087 proxime
1055 2009 1256 2086 nominatos3
1277 2007 1393 2086 quippe
1408 2009 1443 2066 et

384 2107 439 2167 :ita
458 2105 631 2183 imperator
652 2105 730 2168 solet
750 2105 890 2168 excitare
910 2105 958 2166 ad
977 2106 1130 2168 virtutem
1142 2106 1290 2180 ‚mili-tes,
1310 2108 1342 2165 et
1361 2119 1443 2182 quae

371 2203 569 2284 'sequuntur
588 2204 725 2266 verba·
744 2205 851 2266 omnia
883 2205 917 2266 in
937 2206 1038 2267 armis
1063 2208 1133 2268 sita
1152 2239 1172 2253 -
1192 2205 1271 2266 satis
1298 2202 1443 2264 indicent

384 2302 517 2363 ,nullum
547 2301 638 2362 aliud
665 2319 827 2382 superesse
853 2303 1162 2384 perfugium,=quod
1190 2302 1307 2384 apertis
1337 2299 1443 2363 verbis
1490 2371 1492 2378 y

383 2403 498 2479 postea
517 2398 636 2460 dicitur
648 2397 705 2460 52.
725 2398 754 2460 3.

469 2495 572 2558 0.153.
594 2496 624 2557 3.
644 2515 664 2554 c
681 2496 845 2560 Numidae
863 2501 992 2558 tentum
1018 2497 1109 2559 modo
1136 2499 1284 2560 remorati
1310 2497 1387 2558 dnm
1408 2496 1443 2558 in

384 2593 568 2673 elephantis
588 2594 751 2655 auxilium
769 2598 895 2673 putant.
906 2616 927 2656 e>
945 2594 1084 2656 Pactum
1097 2594 1185 2656 modo
1200 2595 1284 2670 dum,
1301 2597 1443 2658 coniun-

381 2690 505 2769 genda,
520 2690 693 2768 significet,
708 2709 845 2770 eousque
859 2696 986 2754 tentum
1007 2699 1176 2755 remoratos
1198 2711 1372 2773 quousque,
1385 2697 1444 2755 etc.

471 2786 504 2848 O.
520 2786 574 2848 53.
595 2786 623 2848 5.
640 2789 714 2848 «At
734 2787 868 2854 Romani
890 2807 1086 2870 quemquem
1107 2792 1220 2854 itinere
1235 2797 1335 2870 etque
1351 2809 1445 2872 opere

382 2890 568 2948 castrorum
588 2890 620 2948 et
633 2887 753 2966 praelio
767 2888 844 2948 fessi
866 2887 1006 2968 laetique
1026 2894 1116 2952 erant
1126 2912 1148 2952 -»
1162 2889 1345 2952 Dictsciicr
1359 2888 1444 2954 tom.

383 2983 419 3046 12.
435 2999 469 3062 p.
485 2983 530 3046 22
549 2988 642 3063 putet
661 2989 732 3064 post
759 2983 894 3064 iustique
926 2987 1082 3049 excidisse
1102 3001 1209 3050 rocem
1235 2988 1369 3050 victorio
1389 2990 1446 3049 ant

383 3083 539 3155 similem,
560 3082 645 3160 quod
658 3087 835 3162 opportune
858 3083 1004 3145 additum
1025 3104 1116 3146 nemo
1136 3087 1311 3164 negaverit,
1326 3087 1353 3147 si
1365 3087 1445 3166 ,quin

384 3179 463 3242 dem
484 3178 659 3241 Sallustius
679 3179 874 3258 addidissem
896 3182 951 3243 sed
974 3181 1104 3244 Codices
1124 3182 1209 3252 nihil
1229 3184 1444 3246 coniecturam

383 3276 555 3338 adiuvant.
579 3275 660 3338 Oum
680 3277 784 3356 igitur
799 3275 976 3341 Sallustius
997 3285 1074 3358 egat
1090 3279 1132 3342 de
1147 3280 1266 3361 praelio
1283 3279 1369 3360 quod
1389 3280 1444 3340 fe-

391 3375 497 3438 liciter
517 3380 726 3450 successerat,
742 3376 841 3438 lecile
860 3378 1052 3457 perspicitur
1073 3377 1146 3439 inde
1166 3377 1322 3440 laetitiam
1339 3379 1445 3438 ortam

392 3489 589 3551 quamquem
614 3471 718 3534 fessis.
747 3471 797 3534 Ita
828 3471 894 3536 Oui.
922 3475 972 3536 et.
991 3475 1021 3540 2.
1042 3509 1062 3524 -
1083 3473 1208 3551 (licere,
1229 3475 1444 3538 coniuratione

388 3571 557 3650 patefacta,
577 3589 654 3632 cure
673 3571 773 3634 simul
793 3575 824 3635 ct
843 3573 970 3635 laetitia
991 3574 1213 3652 occupabatur.
1228 3608 1248 3621 -

474 3669 507 3730 0.
528 3670 576 3731 53.
596 3667 624 3732 7.
647 3689 665 3728 <<
683 3669 731 3731 Ac
749 3672 859 3752 primo,
874 3669 1011 3732 obscura
1025 3675 1124 3747 nocte,
1145 3691 1340 3754 quemquam
1357 3669 1445 3737 haud

390 3767 502 3858 procul
522 3768 605 3828 inter
626 3787 660 3830 ee
678 3774 777 3842 erant,
798 3766 934 3847 strepitu
953 3768 1042 3833 velut
1062 3769 1169 3834 hostes
1190 3773 1373 3847 adventare,
1394 3771 1445 3832 al-

393 3865 453 3924 teri
474 3865 558 3944 apud
579 3865 693 3928 alteros
713 3863 918 3938 formidinem
937 3867 1036 3930 simul
1056 3875 1087 3932 et
1107 3872 1282 3933 tumultum
1303 3871 1405 3930 fecere
1425 3892 1445 3930 »

393 3959 501 4022 Lectio
531 3962 696 4026 adnectere
716 3963 871 4028 librorum
903 3984 1062 4032 consensu
1081 3969 1235 4032 firmatur.
1257 3964 1445 4032 Gariuciius

387 4057 539 4120 observet
570 4060 786 4139 infinitivum,
806 4069 877 4144 post
903 4066 1003 4141 celet,
1027 4067 1192 4129 insolitum
1213 4083 1300 4139 esse,
1321 4068 1352 4125 et
1371 4062 1446 4124 inde

388 4162 499 4220 ortum
515 4157 630 4220 debere
650 4159 791 4242 intelligi
812 4163 896 4242 quod
910 4165 1091 4228 infinitivus
1108 4163 1280 4226 historicus
1291 4161 1445 4242 sequitur,

390 4264 452 4320 eut
471 4259 612 4340 positum
631 4257 828 4324 Graecorum
848 4262 992 4348 exemplo
1012 4262 1068 4325 ubi
1098 4261 1133 4324 in
1153 4261 1291 4322 oratione
1315 4261 1445 4341 oblique

394 4359 576 4426 infinitivus
592 4377 699 4428 omnes
713 4362 951 4432 coniunctiones
965 4361 1119 4444 sequitur.
1129 4358 1313 4435 Ditieciiue
1330 4358 1444 4428 Corum.
