3322 5188
678 601 833 665 ...17-

233 741 448 803 memora'ntnr
467 738 550 800 certo
571 737 604 797 iu
626 736 737 798 multis
758 737 882 800 infuere
901 737 958 816 qui
980 737 1086 816 magis
1106 741 1206 816 quam
1226 733 1282 798 illc

233 838 274 899 ad
294 836 507 900 adiuvandam
529 835 778 896 coniurationem
799 840 906 896 essent
921 835 1045 911 idonei;
1067 833 1149 894 illud
1163 833 1286 895 dicun-

233 938 310 1000 dum
329 937 439 1009 ·fuisse‚
452 934 608 997 Pisonem
628 951 685 1013 per
704 933 863 994 fortunam
878 934 1062 1008 ministrum
1080 932 1237 995 Catilinae
1250 937 1284 992 et

233 1033 385 1095 Autronio
412 1033 552 1096 oblatum
580 1031 699 1108 fuisse;
726 1030 811 1110 quod
831 1049 895 1091 uon
916 1031 1106 1110 exprimitur
1132 1029 1197 1090 nisi
1227 1030 1285 1093 ubi

233 1131 336 1194 fucrit
349 1136 418 1192 tum
440 1129 514 1191 Piso
534 1128 686 1191 adiicitur
706 1161 738 1189 -.
761 1126 824 1190 Sed
844 1128 960 1188 Romae
980 1128 1083 1188 civem
1111 1144 1285 1189 romanum

232 1228 504 1290 fuissenouerat
523 1244 581 1288 eur
602 1229 848 1298 memoraretur,
868 1228 900 1287 00
920 1243 1002 1304 quae
1028 1226 1182 1287 dicuntur
1207 1241 1283 1287 cunr
1324 1272 1325 1282 ,

231 1325 299 1388 1000
319 1323 441 1388 adiecto
465 1323 531 1386 000
552 1323 601 1385 21.
621 1323 660 1397 3.,
682 1321 753 1398 Ian.
774 1322 865 1384 351.
886 1326 918 1382 et
936 1321 983 1384 65.
1007 1323 1043 1397 1,
1063 1327 1204 1401 tangunt
1231 1339 1283 1404 ons

231 1423 288 1501 qui
310 1427 401 1483 extra
421 1421 525 1482 locum
546 1439 640 1482 suum
661 1425 759 1482 eraut.
781 1418 948 1482 Praeterea
964 1419 1113 1480 Pisonem
1127 1421 1228 1482 inisse
1242 1419 1283 1481 ein

230 1518 412 1598 praecipuis
433 1518 516 1580 inter
536 1519 717 1579 coniuratos
738 1521 915 1578 monstrant
928 1531 1010 1594 quae
1023 1516 1062 1578 de
1079 1535 1114 1579 eo
1128 1515 1284 1580 dicuutur

232 1613 287 1676 boc
307 1615 376 1692 ipso
396 1619 427 1677 et
447 1628 507 1693 seq.
528 1614 638 1693 capite,
661 1619 693 1676 et
712 1613 842 1692 qucd'c.
863 1629 922 1692 seq.
943 1613 971 1673 3.
985 1612 1147 1676 indicatur
1160 1631 1284 1692 prono-

230 1712 318 1772 mine
337 1743 358 1759 ·-
377 1711 408 1772 r's
428 1711 502 1772 Piso
521 1745 558 1787 -,
579 1727 642 1790 quo
664 1709 840 1773 Sallustius
862 1712 965 1772 utitur
989 1709 1043 1772 ubi
1074 1711 1283 1790 praecipuum

231 1809 400 1888 quemdam
415 1810 523 1872 virum
538 1810 607 1870 vult
622 1807 905 1884 1001000000109.
920 1806 967 1868 63.
980 1807 1007 1868 6.
1023 1806 1188 1882 Quocirca,
1199 1807 1283 1870 nihil

229 1905 284 1968 hic
304 1891 516 1986 supplendum
536 1907 681 1968 arbitror.
984 1947 987 1956 ‚

311 2003 345 2066 0.
366 2003 413 2065 10.
434 2003 462 2064 3.
484 2021 501 2062 ‹<
523 2002 585 2065 Sed
606 2004 633 2063 is
655 2000 743 2085 (Gn.)
765 2002 839 2064 Piso
857 2003 891 2064 in
912 2000 1082 2064 Provincia
1102 2001 1143 2064 ab
1157 2001 1282 2081 equiti-

231 2099 292 2162 bus
311 2098 466 2180 Hispanis
486 2117 565 2179 quos
586 2101 621 2160 in
641 2100 783 2161 exercitu
804 2098 955 2162 ductabat
977 2099 1037 2162 iter
1056 2098 1178 2160 faciens
1190 2099 1282 2160 ccci-n

232 2212 288 2258 sus
308 2200 416 2258 est...
435 2214 602 2276 nunquam
622 2196 782 2276 Hispanos
802 2200 964 2276 praeterea
983 2197 1047 2260 tate
1073 2197 1200 2258 fucinus
1226 2196 1281 2258 fe-

231 2295 334 2368 cisse,
348 2285 410 2355 'sed
431 2294 563 2374 imperia
584 2310 679 2355 saeva
699 2293 801 2353 multa
821 2299 915 2354 antea
939 2311 1109 2374 perpessos.
1131 2326 1152 2341 -
1174 2293 1279 2356 010000

231 2389 266 2450 iu
294 2389 418 2454 Verrem
439 2389 475 2450 de
505 2391 609 2465 000000
644 2388 675 2453 C.
697 2387 745 2453 24.
767 2395 919 2452 memorat
943 2391 979 2452 L.
1001 2391 1147 2452 Pisonem
1161 2391 1279 2468 froci,

229 2487 348 2568 pariter
366 2487 516 2562 occisum,
537 2502 611 2548 cum
632 2491 715 2548 esset
735 2487 770 2548 iu
792 2485 950 2566 Hispania
973 2493 1106 2568 praetor.
1128 2487 1281 2552 Sallustii

229 2582 326 2647 uerba
343 2584 511 2646 manifeste
529 2586 696 2647 conferunt
710 2586 744 2647 in
760 2583 825 2646 Gn.
839 2584 1026 2667 Pompeium
1039 2586 1166 2667 culpam
1181 2587 1279 2650 necis.

228 2679 276 2743 cf.
295 2699 368 2744 uero
389 2683 423 2743 in
442 2680 604 2762 1110000οἑ0
621 2679 733 2744 Comus.
747 2681 776 2743 5.
785 2699 820 2762 p.
836 2682 903 2744 105.
919 2685 1056 2745 rationes
1069 2684 1189 2762 quibus
1202 2689 1276 2747 tue-

228 2782 282 2840 tur
301 2777 469 2840 lectionem
490 2779 587 2838 unius
608 2777 727 2840 codicis
746 2811 767 2826 -·
786 2780 857 2840 sine
877 2780 1019 2840 exercitu
1037 2779 1195 2846 ductabat.
1209 2815 1229 2830 -

309 2873 342 2936 0.
362 2873 410 2937 20.
432 2874 478 2936 10.
499 2894 518 2934 o
537 2893 593 2954 pro
613 2873 705 2936 deum
720 2881 817 2955 atque
831 2875 997 2938 hominum
1011 2877 1104 2939 fidem
1120 2901 1137 2939 >›
1153 2879 1280 2942 Excla*

109 2978 111 2983 '
228 2972 326 3036 matio
346 2971 458 3050 gravis
477 2987 551 3032 cum
573 2970 699 3050 aliquid
712 2971 1015 3051 enixacorumovet3
1034 2993 1072 3037 ea
1092 2981 1228 3044 utuntur
1245 2982 1277 3038 et

230 3069 350 3132 Comici
370 3083 445 3130 cum
465 3068 640 3146 σεμνότητα
660 3067 830 3143 affectant,
851 3069 935 3150 apud
960 3089 1039 3150 quos
1060 3072 1150 3136 video
1176 3073 1278 3136 adhi-

227 3165 328 3232 bitam
347 3164 567 3228 admirationis
588 3181 694 3240 causa,
715 3169 841 3228 etcum
862 3174 1011 3245 sequente
1032 3174 1106 3232 uota
1136 3172 1277 3240 interro,-

228 3264 328 3344 gaudi
359 3263 392 3324 id
417 3263 501 3342 quod
527 3269 680 3342 negatum
715 3262 821 3324 Plaut.
847 3261 982 3343 Epidico
1008 3267 1037 3329 4.
1058 3262 1086 3330 2.
1115 3269 1161 3332 10.
1181 3289 1276 3350 -pro
1349 3305 1358 3319 ·

228 3363 323 3425 deum
343 3366 437 3441 atque
447 3360 613 3423 hominum
625 3361 733 3423 fidem!
747 3360 1280 3441 0010003010000101000100100,

229 3459 313 3522 idem
337 3456 459 3522 000001.
479 3459 507 3524 5.
519 3458 547 3520 3.
564 3459 619 3534 16,
638 3459 807 3521 Terentius
820 3457 920 3521 Andr.
936 3460 962 3520 1.
976 3461 1004 3522 5.
1019 3462 1047 3522 2.
1060 3496 1081 3508 —
1100 3461 1160 3524 Pro
1181 3462 1276 3526 deum

118 3549 128 3564 “
228 3561 324 3638 atque
342 3555 511 3618 hominum
531 3555 647 3631 fidem,
668 3556 746 3635 quid
766 3561 814 3618 est
834 3557 862 3618 si
883 3557 961 3622 haec
989 3577 1052 3620 non
1080 3553 1274 3621 contumelia

227 3653 301 3720 cst-‘i
315 3687 338 3701 -
351 3658 383 3716 et
395 3651 469 3714 ibid.
484 3652 540 3729 11.,
553 3654 723 3717 Hecatom.
739 3654 765 3715 1.
782 3654 809 3715 1.
826 3654 854 3716 9.
869 3687 892 3700 -
906 3655 988 3716 Nam
1002 3673 1057 3735 pro
1071 3655 1164 3718 deum
1177 3662 1274 3736 atque

227 3752 395 3817 hominum
415 3751 519 3825 tidem,
540 3751 619 3831 quid
639 3752 689 3814 vis
702 3751 761 3814 tibi
772 3751 801 3827 i,
816 3786 838 3798 -
851 3751 967 3831 110000.
981 3752 1009 3815 2.
1026 3753 1052 3814 1.
1067 3753 1103 3829 1.,
1121 3751 1274 3816 Cicereio

235 3849 359 3916 Verrem
388 3848 603 3923 defremeato
627 3846 658 3911 0.
680 3849 727 3910 60.
747 3850 879 3914 adhibet
906 3851 1112 3930 sequentibus
1137 3857 1273 3932 quatuor

225 3946 536 4026 interrogationibus,
558 3946 633 4008 item
656 3947 784 4008 Pascal.
806 3947 853 4010 58.
1044 3997 1048 4006 .

307 4045 340 4108 0.
360 4045 409 4109 20.
431 4044 477 4107 11.
500 4064 517 4104 <<
538 4041 810 4124 divitias...'quas
831 4047 1022 4127 profundant
1042 4048 1076 4108 in
1100 4047 1271 4110 extruendo

228 4144 319 4218 muri,
328 4141 521 4219 1100000οί00,
530 4141 732 4216 0000000000,
745 4144 782 4204 00
792 4161 854 4222 quo
865 4145 936 4206 vide
946 4144 1000 4207 hic
1013 4142 1078 4205 Obs.
1088 4143 1130 4205 00
1142 4141 1232 4205 013.
1245 4143 1271 4202 l.

307 4241 340 4302 0.
360 4240 408 4306 22.
428 4241 456 4304 2.
479 4261 496 4300 s
517 4244 613 4322 atque
634 4261 669 4304 eo
691 4240 837 4304 dictitare
858 4242 971 4306 fecisse
984 4263 1001 4304 »
1016 4241 1105 4304 Haec
1119 4245 1166 4302 est
1180 4239 1272 4300 lectio

227 4336 436 4419 plurimorum
457 4341 552 4420 atquc
573 4339 761 4420 optimorum
785 4339 945 4417 Codicum,
966 4356 1160 4419 quamquam
1176 4335 1272 4400 Diei-
