3322 5188
355 699 450 766 ribus
471 728 494 748 -·
514 699 569 765 ubi
591 697 722 764 deretur
742 699 784 762 ud
805 701 916 778 Vireil.
932 701 958 764 1.
979 699 1047 764 576.
1069 702 1208 784 explieat
1228 733 1248 752 ω
1269 705 1403 770 incertas

354 812 410 883 pro
423 799 532 862 tardis.
548 797 646 861 -Sed
667 799 822 860 incertum
842 799 956 875 oneris,
977 800 1082 878 magis
1104 801 1311 866 videturesse
1327 824 1404 886 pro-

352 904 423 980 pter
443 898 662 960 festinantium
684 901 715 960 et
734 897 795 958 hac
817 897 894 959 illac
924 900 1182 961 concursantium
1214 901 1404 964 multitudi—

354 1011 447 1071 nem,
468 1014 531 1056 non
551 1009 643 1074 arque
662 995 815 1056 translato
835 994 989 1083 pondere3
1010 1014 1107 1058 naves
1139 999 1277 1061 incertae
1309 1016 1403 1064 onere

354 1093 493 1154 turrium
513 1099 588 1154 sunt
609 1109 692 1172 quae
712 1109 842 1154 cursum
862 1111 925 1155 non
947 1097 1069 1156 certum
1083 1093 1317 1171 habent,'dum
1332 1102 1406 1159 tur-

355 1205 405 1252 res
426 1191 530 1252 ventis
552 1190 707 1270 impulsae
734 1193 765 1250 et
784 1201 897 1270 parurn
929 1190 1058 1254 stabiles
1085 1197 1219 1268 nutant,
1241 1198 1272 1254 et
1292 1196 1405 1256 navim

354 1287 515 1362 inclinant
536 1286 569 1346 in
591 1285 731 1348 diversas
751 1292 865 1366 partes.
888 1285 924 1347 ln
939 1287 1074 1350 Horatio
1095 1287 1193 1368 Epod.
1215 1289 1261 1351 11.
1277 1289 1325 1352 20.
1337 1289 1402 1366 fr·-

355 1383 445 1444 rrter
457 1380 582 1446 'incerto
596 1383 677 1462 pede
697 1383 817 1445 indicat
834 1401 896 1444 non
912 1383 1000 1446 tarde
1013 1385 1069 1448 sed
1088 1391 1199 1448 terrere
1219 1392 1345 1448 euntem
1365 1403 1421 1449 ae.

357 1480 491 1542 dubium
511 1481 648 1545 consilii.
673 1481 711 1542 In
732 1481 870 1560 Virgilio
892 1515 914 1528 -
934 1487 1041 1545 certos.
1055 1483 1215 1546 dimittere
1235 1518 1258 1530 -
1279 1483 1404 1546 videtur

355 1595 424 1640 esse
438 1583 575 1660 tetraet
586 1579 664 1658 quid
677 1582 786 1660 petant
799 1599 862 1641 non
878 1579 1017 1658 ignaros,
1031 1581 1071 1642 cf.
1081 1597 1128 1641 oc.
1140 1579 1207 1642 331.
1218 1578 1278 1660 req.
1292 1586 1325 1643 rt
1336 1575 1404 1643 571.

435 1675 486 1737 Fr.
507 1675 554 1738 62.
576 1693 594 1734 <<
616 1675 797 1738 Secundum
816 1676 1018 1757 philosophos
1038 1677 1188 1758 Elysium
1211 1683 1259 1738 est
1280 1679 1406 1740 insulae

356 1775 544 1848 fortunatae,
564 1789 645 1851 quas
664 1774 712 1833 ait
733 1771 906 1834 Sallustius
928 1773 1065 1834 inclutas
1086 1791 1155 1834 esse
1175 1773 1304 1836 Homeri
1325 1792 1404 1836 ear-

356 1867 498 1930 minibus
511 1867 647 1930 -Aerorr
663 1869 708 1930 od
727 1869 841 1930 Horat.
861 1868 959 1948 Epod.
981 1869 1027 1930 16.
1047 1870 1095 1931 41.
1109 1871 1176 1931 -in
1197 1889 1259 1950 quo
1280 1869 1406 1934 Oceano

358 1970 434 2026 sunt
455 1965 579 2026 insulae
599 1965 775 2028 fortunatae
789 1967 829 2027 ad
844 1985 925 2050 quas
940 1966 1115 2031 Sollertiae
1130 1968 1164 2030 in
1178 1968 1311 2030 historia
1326 1969 1406 2032 dieit

357 2064 480 2126 rictum
501 2064 640 2126 voluisse
662 2065 708 2126 ire
729 2063 911 2127 Sertorium.
927 2095 949 2112 -

436 2159 488 2223 Fr.
510 2159 558 2222 73.
581 2181 598 2220 r
621 2161 683 2233 Qui
705 2160 890 2248 (Celtiberi)
911 2182 944 2225 se
964 2161 1093 2244 regibus
1114 2163 1267 2228 devovent
1286 2169 1406 2246 etpost

358 2273 410 2322 eos
432 2259 533 2321 vitam
554 2258 700 2322 refutant.
721 2281 739 2321 r>
761 2257 889 2322 Praeter
908 2261 1012 2322 locum
1036 2260 1179 2323 curreris
1199 2261 1237 2325 B.
1255 2261 1290 2326 G.
1312 2263 1339 2323 3.
1354 2263 1415 2326 22.-

358 2357 396 2418 de
416 2354 565 2418 solduriis
592 2362 623 2418 et
643 2357 763 2419 devotis
785 2356 969 2432 Gallorum,
990 2362 1038 2420 est
1057 2363 1088 2420 et
1107 2358 1191 2420 alius
1213 2359 1404 2422 'consimilis

356 2454 410 2515 lid.
424 2454 453 2516 7.
467 2452 588 2530 ldfirte
603 2455 756 2533 -quibus
778 2451 991 2537 (clientibus),
1011 2473 1096 2516 more
1119 2454 1292 2532 Gallorum,
1314 2457 1404 2518 nefas

358 2558 406 2613 est
421 2553 516 2612 etiem
532 2553 566 2612 in
587 2557 727 2612 extrema
740 2550 866 2611 fortuna
881 2550 1020 2612 deserere
1032 2553 1405 2632 patronostirtrclrirre

357 2648 430 2709 vult
452 2647 518 2725 legi
538 2651 647 2726 -post
667 2665 719 2708 eos
740 2645 891 2707 occisor-
913 2652 950 2710 nt
970 2667 1019 2711 res
1040 2649 1145 2728 magis
1166 2651 1208 2713 sit
1227 2655 1405 2734 perspicua,

359 2757 422 2824 quo
437 2743 650 2806 additamento
670 2759 778 2806 carere
792 2759 969 2824 possumus,
984 2747 1062 2826 quia
1081 2751 1112 2807 et
1126 2765 1260 2828 sequens
1272 2782 1293 2794 —
1304 2751 1405 2812 ritem

358 2841 541 2918 refutaret-
553 2845 583 2903 et
603 2839 673 2902 adv.
682 2845 764 2921 port,
787 2841 871 2904 unde
879 2836 1011 2920 portori,
1035 2861 1100 2906 rem
1120 2846 1198 2906 satis
1215 2845 1385 2927 explicant.

438 2939 490 3000 Fr.
510 2937 558 3000 74.
579 2937 736 2999 Sertorius
756 2939 854 3018 portis
874 2940 1000 3002 turbam
1021 2942 1233 3017 morantibus,
1254 2948 1285 3004 et
1304 2943 1405 3021 nullo,

336 3033 338 3038 ’
359 3041 397 3098 ut
416 3038 451 3096 in
464 3041 582 3098 terrore
601 3036 689 3110 solet,
709 3037 834 3115 generis
855 3043 911 3099 aut
930 3037 1043 3118 imperi
1065 3037 1257 3113 discrimine,
1277 3057 1335 3120 per
1347 3059 1407 3102 ea·-

288 3144 290 3149 ’
359 3120 469 3197 ionum
490 3150 617 3214 corpora
648 3133 689 3195 ad
709 3134 849 3196 medium
873 3137 992 3210 erasit,
1014 3135 1087 3198 dein
1115 3137 1405 3218 superadstantium

361 3233 511 3296 munibus
533 3232 567 3292 in
588 3249 715 3292 murum
735 3231 906 3294 adtollitur.
919 3265 941 3278 ·-
955 3233 1025 3296 Non
1038 3234 1135 3296 semel
1155 3235 1216 3298 hae
1230 3241 1295 3296 arte
1309 3236 1406 3297 duces

363 3333 533 3394 euaserunt
553 3327 594 3389 ad
614 3324 775 3390 su‘mmum
796 3347 969 3407 murorum,
989 3329 1061 3393 vide
1085 3327 1169 3394 Cere.
1183 3331 1221 3394 B.
1239 3331 1274 3396 (l.
1294 3331 1322 3396 t.
1335 3331 1385 3395 47.

627 3523 784 3588 FRAGM.
804 3525 863 3588 EX
884 3523 964 3588 LlB.
984 3526 1012 3589 2.
1034 3524 1144 3591 Hier.

440 3722 492 3786 rr.
514 3724 707 3805 tarneque
727 3725 870 3803 virgines
891 3729 1026 3806 nuptum
1047 3743 1066 3788 a
1085 3725 1270 3808 parentibus
1289 3730 1406 3790 mitte-

362 3824 496 3897 bantur,
516 3823 570 3883 sed
592 3824 678 3902 ipsae
697 3821 772 3884 belli
799 3823 1059 3903 promptissumos
1079 3824 1269 3904 delegabant
1289 3849 1306 3888 u
1322 3827 1407 3886 Mil*

363 3918 505 3983 lederetur
525 3920 617 3983 credo
638 3920 907 3998 interpretandum
928 3921 1179 3998 dirnittrberttrrr,
1201 3924 1322 3986 scilicet
1342 3941 1405 3984 non

362 4017 570 4098 expectabant
596 4023 632 4079 ut
660 4017 893 4080 dimitterentur
912 4038 932 4081 a
953 4019 1042 4082 domo
1062 4027 1211 4099 paterna,
1232 4020 1287 4084 sed
1318 4021 1405 4100 ipsae

363 4115 560 4194 delegebant.
587 4115 632 4176 Os.
652 4114 757 4176 Ploet.
778 4115 905 4180 Poeteli.
935 4117 1020 4180 Prol.
1053 4118 1118 4180 100.
1140 4150 1161 4166 -ὴ
1182 4119 1290 4202 Neque
1311 4117 1406 4180 duxit

363 4227 515 4296 nuquam,
536 4232 638 4294 neque
658 4213 711 4276 ille
732 4215 833 4277 voluit
854 4219 985 4280 mittere.
1008 4249 1030 4262 -
1052 4248 1054 4252 ·

442 4313 493 4376 Fr.
516 4313 561 4376 16.
585 4333 601 4374 «
617 4312 696 4387 Quis
710 4332 729 4377 a
750 4313 885 4382 Sertorio
905 4316 1043 4400 triplices
1059 4314 1194 4382 insidiae
1207 4335 1264 4402 per
1277 4317 1404 4382 idoneos
