3322 5188
796 580 968 660 '-54-

371 739 533 817 sumptum
548 732 730 807 consilium,
744 731 901 813 profectus
922 733 988 794 erat
1002 729 1042 792 ad
1056 716 1246 804 exereitum,
1267 727 1423 809 quomodo

369 839 489 916 poterat
508 831 667 893 Bomilcar
686 832 756 891 eius
783 829 928 892 animum
958 828 1155 908 exploratum
1175 825 1314 889 haberet
1342 826 1421 894 Inde

368 932 416 994 nil
436 933 554 992 mirum
574 929 602 990 si
622 933 763 1008 tempora
783 930 907 988 mutata
927 931 1020 1000 suut,
1043 942 1119 986 nam
1140 929 1170 986 et
1193 923 1358 986 Nabdalsa
1377 922 1424 984 ad

369 1033 493 1106 tempus
515 1045 578 1087 non
592 1029 732 1098 venerat,
746 1027 777 1084 et
796 1020 918 1084 interce
937 1020 1119 1096 Bomilcari,
1140 1031 1334 1099 quamquam
1358 1037 1423 1082 cu-

369 1123 442 1203 pido
463 1125 588 1202 incepta
608 1119 766 1201 patrandi,
787 1121 890 1180 metus
912 1119 966 1180 ille
988 1137 1067 1180 suus
1082 1135 1148 1180 rem
1162 1116 1362 1198 impediebat,
1378 1117 1426 1178 ita

370 1227 406 1282 ut
426 1221 599 1282 consilium
620 1218 774 1279 desereret
794 1233 832 1278 ac
852 1215 936 1278 nihil
956 1215 1095 1278 auderet.

450 1317 483 1378 0.
504 1315 552 1378 72.
568 1316 595 1377 1.
611 1313 821 1378 «Bomilcare
840 1315 979 1393 aliisque
1000 1313 1121 1388 multis,
1141 1329 1221 1392 quos
1241 1310 1341 1374 socios
1363 1311 1426 1373 in-*

370 1413 526 1478 sidiarum
547 1417 746 1492 cognoverat,
767 1411 951 1487 interfectis,
973 1411 1053 1471 iram
1074 1414 1278 1491 oppresserat,
1298 1427 1339 1470 ue
1358 1426 1425 1488 qua

371 1533 411 1576 ex
425 1531 460 1574 eo
476 1512 603 1590 negotio
614 1510 727 1573 seditio
738 1510 881 1572 oriretur.
893 1531 910 1571 »
925 1507 1038 1569 Credas
1051 1507 1135 1569 idem
1146 1523 1330 1587 expressum
1342 1507 1424 1568 notis

372 1611 478 1674 verbis
494 1642 516 1654 -
530 1606 580 1671 ‘tre
595 1609 637 1687 μὴ
648 1605 771 1686 &epodos
792 1607 916 1686 γένηται
932 1603 1020 1676 ἐντῷ
1034 1603 1138 1677 ierim
1154 1603 1332 1668 Nabdalsae
1345 1607 1423 1664 tuuc

372 1706 533 1786 Iugurtha
545 1709 693 1786 pepercit,
707 1705 785 1783 quia
799 1704 919 1766 sciebat
933 1721 1006 1766 eum
1020 1702 1149 1780 maguis
1170 1701 1283 1781 opibus
1304 1719 1372 1762 esse
1392 1704 1426 1762 et

370 1821 481 1866 earum
502 1809 730 1882 acceptumque
749 1800 955 1881 popularibus
977 1800 1055 1874 suis,
1076 1817 1172 1880 supra
1189 1797 1220 1862 0.
1241 1797 1290 1860 70.
1304 1799 1343 1876 2.,
1361 1817 1424 1861 ue-

373 1917 437 1980 que
456 1919 496 1961 ex
515 1899 687 1962 multorum
710 1898 804 1962 caede
826 1897 982 1961 invidiam
1003 1898 1065 1962 sibi
1086 1897 1218 1960 conflari
1238 1897 1372 1961 volebat.

451 1997 484 2060 G.
507 1996 556 2060 72.
575 1998 602 2058 1.
624 1997 742 2058 «Iram
756 1984 951 2079 oppresserat
965 2019 982 2059 »
999 1995 1182 2076 Opprimere
1202 1996 1424 2074 compositum,

369 2114 425 2177 pro
446 2095 587 2176 simplici
607 2114 766 2176 premere3
786 2114 850 2157 uon
870 2095 956 2156 enim
984 2095 1065 2156 iram
1086 2093 1271 2174 deposuerat
1292 2092 1347 2154 sed
1367 2093 1424 2153 la-

371 2198 490 2256 tentem
526 2194 674 2258 servabat
708 2194 898 2274 quandoque
931 2196 1138 2272 erupturam,
1158 2191 1243 2270 quod
1277 2189 1426 2251 indicant

370 2291 545 2372 praemissa
565 2291 671 2354 verba.
685 2325 708 2337 -
729 2291 779 2352 Ad
798 2309 836 2353 ea
856 2310 912 2354 rex
932 2290 1025 2351 aliter
1044 2293 1140 2368 atque
1161 2290 1268 2350 auimo
1288 2287 1424 2367 gerebat

370 2387 494 2470 placide
526 2389 696 2468 respoudit.
719 2423 741 2434 -
770 2387 882 2464 Vispil.
911 2387 989 2448 Ace.
1010 2421 1032 2433 -
1053 2387 1169 2468 premit
1199 2387 1302 2448 altum
1332 2383 1425 2446 corde

372 2487 511 2549 dolorem
533 2520 556 2532 -
579 2486 704 2548 Terret.
724 2484 851 2547 Ptorm.
872 2483 903 2544 5.
923 2482 950 2543 7.
971 2483 1019 2544 93.
1039 2502 1112 2544 -os
1134 2485 1283 2564 opprime.
1300 2515 1323 2528 -

451 2583 483 2642 0.
503 2581 552 2644 73.
572 2583 626 2642 fin.
648 2601 665 2641 «
687 2568 741 2643 sed
760 2581 856 2660 paulo
876 2584 950 2642 aute
972 2579 1109 2642 Senatus
1130 2579 1318 2643 Numidiam
1334 2578 1426 2662 (pro-

372 2676 523 2760 vinciam)
555 2676 679 2739 Metello
711 2676 1014 2740 decreverat»1ta
1049 2675 1189 2742 deridet.
1222 2677 1296 2740 edit.
1323 2679 1399 2740 mio.
1411 2699 1425 2756 ,·

371 2772 555 2836 Dietsctius
586 2778 711 2854 propter
741 2775 942 2836 uarietatem·
956 2775 1129 2838 lectionum
1154 2793 1235 2856 pene
1266 2775 1426 2838 infinitam

246 2869 251 2879 “
371 2875 463 2954 putat
484 2872 538 2934 hic
550 2873 711 2935 excidisse
723 2873 835 2952 aliqua
850 2873 954 2952 verba3
969 2873 1042 2936 ride
1062 2892 1145 2935 eum.
1163 2871 1276 2936 domm.
1290 2873 1316 2936 1.
1326 2891 1359 2955 p.
1376 2872 1423 2936 13.

373 2969 420 3032 cf.
439 2974 546 3031 tamen
561 2968 631 3045 Iup.
655 2967 687 3032 O.
708 2969 755 3032 62.
768 2969 828 3048 fle.
849 2975 881 3034 et
900 2987 982 3051 quae
1003 2971 1058 3033 hic
1079 2975 1167 3054 notat
1186 2971 1392 3047 Berosuses.

452 3067 485 3128 Ο.
505 3066 553 3129 73.
574 3067 602 3128 6.
624 3086 642 3126 «
662 3073 694 3129 et
714 3084 774 3130 sua
794 3070 973 3132 necessaria
992 3073 1063 3150 post
1082 3055 1174 3130 illius
1195 3068 1346 3132 honorem
1361 3068 1425 3130 du-

354 3169 487 3228 cerent.
506 3187 524 3230 »
545 3164 652 3228 Prote.
672 3165 744 3228 Mil.
763 3165 806 3244 pl.
826 3167 854 3228 3.
875 3167 903 3229 4.
923 3165 952 3228 ¹7.
973 3199 995 3212 -
1016 3184 1124 3229 omnes
1156 3185 1206 3230 res
1235 3164 1424 3248 posteriores

372 3281 456 3344 pono·
473 3295 505 3324 -.
525 3262 684 3340 Berosus.
702 3265 879 3327 occesserit
899 3265 1037 3345 explicat
1056 3280 1107 3326 res
1128 3263 1169 3328 ud
1192 3266 1292 3327 eitam
1312 3278 1424 3324 oeces-

372 3361 492 3439 sorios
517 3358 703 3426 derisorios
723 3379 837 3425 -sues
858 3380 928 3438 res,
948 3379 1007 3424 sua
1027 3363 1156 3440 negotia
1176 3363 1293 3441 quibus
1307 3361 1425 3424 victum

373 3457 577 3537 quaerebant.
592 3489 615 3502 -
633 3455 745 3520 Latius
766 3463 872 3522 tamen
892 3476 954 3522 vox
974 3463 1081 3538 patere
1101 3459 1228 3522 videtur
1247 3464 1284 3522 ut
1303 3463 1425 3541 praeter

373 3556 497 3618 victum
517 3555 761 3642 cpmpreheudat
781 3558 877 3620 etiam
897 3573 1120 3636 quaecumque
1140 3558 1273 3634 iurant,
1294 3563 1325 3620 et
1346 3557 1425 3619 bono

374 3653 565 3732 cuiusquam
586 3655 710 3730 faverit,
732 3655 801 3717 ideo
821 3672 877 3734 pro
898 3653 982 3715 caris
1003 3652 1115 3716 habita
1135 3659 1231 3734 etque
1251 3672 1347 3734 aegre
1366 3651 1424 3713 di·-

374 3748 549 3828 mittenda3
571 3769 670 3831 quare
692 3750 869 3815 Sallustius
889 3749 961 3826 Iup.
983 3751 1029 3814 14.
1052 3751 1099 3813 16.
1119 3754 1299 3816 necessaria
1325 3769 1426 3832 oppo-

375 3846 441 3908 suit
461 3847 614 3923 aduersis,
630 3854 661 3912 et
674 3849 790 3911 Fortes
812 3849 878 3910 vim
899 3850 984 3912 vocis
1006 3849 1170 3920 declarans
1192 3851 1321 3931 scripsit
1334 3867 1427 3908 -ne-

375 3945 550 4006 cessarium
570 3947 617 4008 ait
636 3964 706 4008 esse
728 3945 854 4026 Opilius
874 3946 1023 4010 Aurelius
1055 3949 1090 4010 in
1111 3967 1174 4027 quo
1199 3968 1263 4011 non
1285 3948 1328 4008 sit
1348 3959 1424 4006 oes-

375 4041 533 4117 sandum,
555 4048 611 4104 aut
632 4045 701 4105 sine
720 4061 784 4121 quo
804 4044 871 4108 vivi
901 4065 964 4108 uon
986 4046 1100 4128 possit,
1120 4050 1178 4109 aut
1198 4048 1266 4108 siue
1286 4057 1343 4124 quo
1363 4058 1426 4104 rsoe

376 4140 446 4204 berre
465 4141 602 4214 errator,
624 4145 681 4203 aut
700 4143 785 4221 quod
804 4161 866 4206 non
888 4145 989 4226 possit
1008 4143 1167 4226 prohiberi
1188 4145 1268 4222 quin
1288 4141 1353 4204 fiat.
1375 4174 1399 4188 -
1429 4193 1431 4196 ,

457 4239 490 4303 0.
510 4237 558 4302 75.
580 4239 608 4302 1.
630 4269 653 4286 -
673 4239 729 4303 ubl
749 4241 891 4323 plerique
912 4243 1056 4306 thesauri
1087 4247 1178 4304 erant
1198 4275 1220 4288 -
1239 4239 1424 4305 Dictsctius

377 4341 456 4421 legit
476 4378 498 4394 -
513 4345 631 4429 ubique
650 4343 793 4427 plerique
808 4381 849 4428 -,
870 4347 955 4430 quod
968 4364 987 4412 a
1001 4342 1156 4416 sillercio
1170 4342 1348 4426 profertum
1361 4361 1424 4408 nou
