3330 5180
824 627 855 639 -
874 611 905 653 lv
923 625 955 638 .-

365 701 522 772 melioris
544 698 747 778 testimonii,
765 717 849 766 nam
872 697 956 766 lecit
973 701 1008 766 61
1028 696 1160 780 Cicero,
1178 699 1238 786 qui
1255 703 1311 770 lta.
1328 701 1358 768 3.
1374 698 1418 768 de

362 814 481 891 Orat,
508 810 653 878 tradens
677 811 871 896 praecepta
896 805 1161 886 benedicendi,
1190 825 1212 873 a
1237 825 1265 876 0.
1295 809 1348 875 38.
1369 803 1419 878 ad

365 925 485 1007 finani,
502 917 665 1004 exempla
687 915 777 1004 petit
800 915 873 983 iere
896 913 1017 982 omnia
1040 932 1062 980 a
1084 911 1207 1000 poetis,
1233 916 1417 982 otiliae.

367 1029 419 1097 10.
437 1029 592 1094 affirmat
614 1041 753 1093 omnem
775 1021 940 1108 loquendi
968 1019 1187 1106 elegantiam
1215 1022 1341 1106 augeri
1367 1021 1419 1090 le-

247 1213 250 1219 ,
364 1133 491 1220 gendis
516 1131 714 1203 oratoribus
731 1131 766 1197 et
787 1127 920 1216 poe‘tis,
943 1128 1030 1214 qiua
1053 1131 1190 1197 veteres
1212 1129 1274 1209 illi,
1296 1149 1418 1198 ornnes

362 1260 482 1328 prope,
506 1238 690 1326 praeclare
709 1236 817 1304 locuti
832 1239 924 1304 sunt.
947 1235 1093 1304 Praeter
1108 1235 1334 1322 Antiquiores
1357 1235 1417 1322 qui

364 1347 403 1413 in
425 1344 593 1414 Sallustio
608 1341 819 1412 illustrando
846 1360 990 1430 operam
1014 1339 1137 1410 utilem
1159 1339 1417 1430 impenderunt,

364 1452 474 1522 habui
493 1469 581 1540 prae
605 1449 770 1519 manibus
794 1447 960 1518 Curtium
992 1449 1075 1517 edit.
1112 1447 1227 1518 Venei.
1260 1471 1292 1519 a.
1321 1449 1417 1519 1737.

363 1579 428 1648 per
450 1557 695 1636 Paschaliarn,
711 1554 949 1639 Barnoafarn
968 1556 1020 1624 ed.
1036 1553 1255 1633 Florentiae,
1271 1578 1303 1626 a.
1321 1557 1417 1636 1829,

369 1665 601 1738 Gerlaoliiam
624 1665 706 1732 edit.
739 1659 912 1732 Wielaad.
922 1660 1088 1732 Basileae
1103 1684 1136 1731 a.
1154 1663 1262 1739 1823„
1278 1667 1314 1730 et
1328 1667 1417 1731 miii.

364 1775 447 1843 edil.
463 1773 607 1858 Lipsiae
624 1771 719 1849 1856,
740 1771 966 1839 Dielseltiani
993 1770 1046 1837 ed.
1078 1768 1249 1838 Teubner.
1270 1769 1417 1853 Lipsiae

363 1901 397 1950 a.
415 1879 510 1948 1859.
527 1883 562 1948 et
583 1880 671 1946 ntia.
698 1877 750 1944 ed.
766 1875 911 1960 Lipsiae
941 1873 1052 1956 1874„
1076 1876 1176 1944 ouius
1208 1875 1418 1944 divisionem

284 2007 286 2014 ‘
365 1988 533 2072 sequutus
558 2003 635 2053 sum
662 1983 700 2050 in
725 1983 902 2072 capitibus
926 1982 1021 2051 etin
1045 2001 1165 2051 eorum
1192 1982 1419 2051 distinctione

363 2113 427 2182 per
442 2103 605 2160 numeros
626 2090 942 2180 paragraphum,
959 2109 1110 2160 necnon
1127 2090 1165 2158 in
1181 2089 1338 2158 oodioum
1355 2091 1417 2158 de-
1506 2077 1510 2084 ’

363 2199 621 2269 monstratione
643 2217 706 2285 per
729 2217 894 2266 numeros
910 2201 973 2265 aut
987 2198 1144 2280 litteras3
1164 2197 1258 2265 idem
1282 2199 1416 2265 factum

365 2305 403 2374 in
434 2305 647 2391 fragmentis
677 2303 924 2374 Historiarum.
949 2304 1091 2373 Ceteros
1123 2305 1264 2390 ignoro,
1295 2321 1420 2388 quam-

364 2431 471 2500 quam
492 2411 640 2482 viderim
660 2411 864 2480 Hearie'am
887 2411 1091 2478 Iordanum
1113 2429 1221 2498 saepe
1239 2409 1419 2494 castigas-

364 2521 651 2595 se'Dietsahiana
674 2517 825 2604 praelat.
850 2516 898 2583 ad
920 2515 953 2583 d.
977 2516 1115 2584 editxa.
1140 2517 1236 2586 1874.

411 2651 413 2656 ·
452 2623 505 2692 De
526 2622 747 2720 proprietate
769 2610 939 2691 sermonis
956 2621 1165 2691 Sallustiani
1182 2625 1283 2692 docte
1305 2625 1341 2692 et
1357 2642 1417 2692 aa·

364 2735 487 2800 curate
508 2728 675 2798 disseruit
695 2727 905 2799 Galaaditis
923 2747 945 2796 a
965 2749 998 2817 p.
1014 2729 1103 2809 301,
1123 2730 1258 2817 quiesi
1282 2731 1417 2798 adeun-

364 2841 439 2908 dus
461 2837 507 2908 Et
538 2839 617 2907 eum
640 2855 682 2906 eo
705 2835 887 2904 consentio
907 2837 1118 2924 praesertim
1133 2857 1212 2906 oum
1231 2857 1265 2925 p.
1281 2838 1343 2906 331
1362 2837 1417 2905 ita

363 2944 532 3014 iudicat·
547 2943 644 3023 Quae
660 2941 908 3011 nonnullorum
923 2942 991 3010 luit
1006 2943 1135 3032 opinio,
1151 2943 1305 3031 plurima
1321 2943 1416 3030 apud

364 3042 569 3120 Sallustium
592 3069 636 3118 ex
658 3047 804 3118 Graecis
840 3067 918 3118 esse
949 3050 1145 3129 translata,
1170 3068 1213 3118 ea
1240 3050 1314 3119 solo
1335 3049 1417 3118 illo-

362 3175 441 3224 rum
454 3151 656 3224 testimonio
672 3154 846 3223 refellitur
860 3156 921 3242 qui
936 3155 976 3222 in
992 3155 1154 3224 oratione
1170 3156 1415 3244 pomponenda

363 3262 568 3330 Sallustium
600 3262 735 3350 priscos
767 3262 913 3331 Latinos
939 3262 1146 3350 vScriptores
1183 3264 1416 3351 inprimisque

362 3369 531 3438 Catonem
548 3372 705 3437 secutum
722 3387 799 3438 esse
814 3369 1262 3457 comprobaverunt-Dum
1278 3389 1416 3458 paucae

362 3472 551 3564 supersu‘nt
565 3475 814 3561 Antiquiorum
836 3475 1020 3561 reliquiae,
1037 3476 1154 3544 soluta
1176 3477 1351 3557 oratione,
1369 3479 1427 3546 ad'

362 3601 450 3666 quos
472 3581 691 3668 comparatio
713 3582 827 3670 possit
851 3580 999 3660 institui,
1022 3585 1142 3650 tamen
1166 3583 1346 3665 habemus,
1361 3586 1415 3654 rei

362 3707 396 3774 p.
412 3687 611 3755 litterariae
635 3691 727 3757 bono
756 3690 928 3767 servatas,
951 3688 1080 3774 plures,
1104 3693 1140 3756 61
1162 3689 1324 3775 integras
1357 3709 1417 3758 oo-

363 3792 520 3860 moedias
542 3791 670 3863 Plauti
692 3799 726 3862 el
755 3793 928 3873 Terentii,
962 3813 1041 3862 oum
1073 3795 1199 3881 quibus
1226 3796 1417 3866 Sallustius

362 3897 401 3965 in
424 3897 544 3966 multis
566 3900 756 3968 convenire
778 3899 1003 3987 perspicitur3
1020 3902 1112 3986 quod
1134 3919 1206 3970 non
1221 3902 1415 3971 imitationi

362 4003 566 4084 tribuerim,
591 4004 653 4073 sed
674 4004 760 4090 quia
789 4007 854 4074 hoo
876 4007 1015 4076 larebat
1036 4007 1197 4076 Sallustii
1219 4007 1413 4093 ingenium,

362 4108 424 4196 qui
455 4128 592 4199 semper
624 4111 803 4180 invenitur
825 4113 881 4181 sui
904 4113 1029 4182 similis
1052 4118 1089 4182 et
1115 4113 1153 4181 ln
1185 4132 1248 4183 suo
1281 4133 1414 4200 genere

361 4215 545 4304 princeps,
571 4218 608 4284 ut
629 4217 797 4304 quidquid
826 4223 889 4288 aut
914 4220 1092 4290 addideris
1125 4225 1187 4288 aut
1218 4221 1415 4292 mutaveris

364 4324 674 4405 asidonensis,
706 4326 868 4398 vitiosius
905 4331 942 4402 et
973 4328 1128 4400 deterius
1166 4328 1214 4398 sit
1245 4330 1411 4401 futurum.
