3322 5188
683 535 862 623 -ss-‘

233 693 427 762 sallustium
447 695 483 755 in
505 692 598 756 verbo
617 693 777 757 consimili
798 693 869 770 Iup.
890 693 938 757 69.
958 695 1020 758 2.-
1040 695 1096 760 alii
1118 695 1159 757 ad
1179 698 1285 776 portas

230 795 393 858 festinare.
409 823 431 837 -
451 791 497 853 Gi.
513 790 1286 869 051.31.2.,Ι115.85.10.(1511551155555155555

230 891 403 954 lectionem
424 889 538 966 reiicit,
560 891 726 953 55555115
746 889 875 965 milites,
896 888 986 952 anxii
1007 888 1048 952 ad
1061 905 1165 952 aroern
1179 889 1287 972 oppidi

179 993 183 1000 “
232 984 474 1048 discurrerent?
494 992 527 1049 51
546 987 580 1048 15
602 985 677 1049 edit.
699 988 776 1048 mio.
797 987 851 1049 dat
880 988 1047 1050 lectionem
1068 1003 1166 1066 quam
1187 987 1286 1071 capiti

230 1084 408 1165 praeposui,
429 1099 512 1162 quae
530 1084 635 1168 potior
655 1084 729 1146 aliis
749 1084 894 1163 videtum
912 1103 1015 1164 neque
1034 1084 1094 1147 hoe
1114 1089 1162 1146 est
1181 1101 1285 1164 genus

230 1181 414 1260 zeugmatis
436 1181 612 1258 insolitum,
634 1185 671 1244 ut
690 1185 776 1244 tenet
795 1181 994 1256 Dietsriiar,
1017 1183 1093 1262 quia
1112 1181 1207 1245 155115
1227 1181 1287 1242 in·-

231 1277 398 1356 telligitur
416 1277 511 1340 uerbo
530 1295 631 1342 arsam
653 1278 789 1342 indicari
804 1277 991 1359 perfugitum
1012 1279 1053 1340 ad
1066 1295 1180 1354 arcem,
1204 1283 1287 1341 55515

232 1376 440 1438 coniunctum
460 1375 627 1452 cumfuse
640 1395 696 1458 per
708 1381 824 1459 portas,
839 1393 921 1456 quae
942 1381 1077 1456 utraque
1096 1375 1195 1438 simul
1211 1393 1287 1458 pro·-

232 1471 435 1548 hibebantur,
456 1473 580 1536 duobus
601 1474 737 1538 diversis
758 1475 869 1536 modis.
1218 1529 1220 1534 .

315 1569 347 1632 0.
372 1570 419 1632 6¹7.
441 1571 469 1632 3.
492 1572 728 1634 «saevissimis
759 1571 910 1634 Numidis
940 1573 971 1634 et
999 1571 1111 1652 oppido
1142 1570 1287 1650 undique

234 1667 382 1731 clausor>
407 1667 522 1732 Graeci
543 1670 726 1750 genitivum
755 1669 937 1733 absolutum
966 1685 1028 1732 555
1049 1666 1202 1731 adhibent
1222 1665 1287 1728 nisi

233 1764 343 1828 addito
363 1765 551 1830 nominibus
571 1767 659 1831 uerbi
679 1766 858 1848 participio.
878 1763 985 1829 Latini
1000 1783 1062 1828 non
1077 1765 1153 1828 item
1168 1763 1202 1825 in
1222 1763 1287 1826 ab·-

232 1863 333 1926 lativo
353 1863 496 1926 absoluto
517 1863 573 1944 qui
594 1865 762 1945 participio
782 1881 889 1928 carere
908 1867 1027 1944 potest,
1051 1859 1174 1926 Caesar.
1194 1859 1288 1926 1111.

232 1959 261 2022 3.
284 1960 313 2021 5.
333 1993 354 2008 -
373 1960 698 2041 languidioribusque
718 1962 837 2024 nostris
858 1961 981 2024 vallum
1001 1959 1146 2024 scindere
1166 1956 1289 2021 -idem

233 2055 263 2122 2.
285 2056 315 2120 9.
335 2090 356 2106 -
374 2057 559 2122 secundiore
578 2058 697 2139 praelio
717 2059 845 2121 nostris.
866 2091 889 2106 -

316 2153 349 2218 0.
370 2153 419 2216 to.
439 2155 468 2216 5.
490 2174 507 2216 e
528 2154 560 2217 Is
582 2153 779 2239 (Nabdalsa)
800 2159 969 2238 postquam
991 2153 1216 2237 magnitudine
1235 2151 1287 2214 ia-

233 2252 353 2316 cinoris
365 2252 531 2333 perculsus
551 2251 592 2314 ad
612 2257 738 2333 tempus
758 2271 822 2314 555
836 2255 933 2329 venit,
955 2259 1124 2334 metusque
1140 2269 1206 2315 rem
1221 2250 1288 2312 im·-

234 2349 383 2432 pediebat
396 2373 413 2413 r>
427 2349 619 2428 Beruenses
633 2355 755 2414 metum
775 2351 869 2414 refert
882 2350 922 2414 ad
942 2350 1137 2414 Nabdalsam
1150 2381 1170 2396 ··
1184 2352 1287 2412 metus

234 2465 309 2510 eum
332 2448 441 2510 venire
463 2447 658 2528 prohibendo
685 2468 752 2512 rem
779 2467 905 2511 omnem
932 2445 1132 2529 impediebat.
1154 2475 1176 2492 ··
1198 2443 1288 2508 Idem

235 2545 339 2608 iacere
359 2543 487 2608 videtur
503 2543 688 2612 Gerloelrr’as
703 2547 759 2627 qui
779 2547 911 2610 adnotat
921 2579 944 2593 -
958 2544 1096 2608 notanda
1110 2549 1288 2625 temporum

235 2642 370 2705 mutatio
390 2675 428 2718 -,
450 2642 545 2722 qnasi
571 2642 610 2705 de
630 2643 738 2706 eodem
758 2646 900 2708 subiecto
925 2647 1050 2724 agatur.
1072 2641 1133 2706 Sed
1160 2643 1206 2705 115
1230 2659 1289 2702 su-

233 2757 434 2822 pervacanea
453 2739 542 2803 fieret
562 2739 697 2802 adiectio
709 2737 727 2818 ,'
739 2747 908 2822 postquam
928 2740 1051 2803 dietum
1071 2737 1288 2814 5551515551-

237 2837 541 2916 assuefactione
566 2837 742 2920 perculsus.
774 2839 840 2902 Nee
870 2839 1085 2920 interpretatio
1117 2834 1288 2898 adiuvatur

234 2935 441 3017 sequentibus
461 2969 481 2982 -
495 2935 608 2998 timore
621 2936 698 2998 55511
714 2936 834 2997 anxias
847 2969 876 3012 -,
891 2936 984 3016 quasi
1005 2933 1166 2996 Nabdalsa
1185 2933 1287 2994 time-

235 3039 292 3109 ret,
306 3051 381 3096 555
395 3035 491 3096 timor
504 3031 584 3094 sooii
598 3037 646 3096 551
666 3033 763 3094 timor
780 3051 799 3095 a
814 3033 898 3096 socio
918 3035 1004 3095 utin
1019 3031 1108 3093 Hist.
1123 3031 1151 3094 2.
1167 3029 1194 3092 1.
1208 3029 1256 3091 39.
1268 3060 1288 3076 -

236 3131 271 3193 id
291 3131 410 3194 bellurn
430 3130 591 3193 excitabat
611 3134 717 3193 melus
737 3129 1009 3211 Pompei'vietoris
1023 3161 1052 3190 -.
1074 3126 1287 3192 Conferendus

240 3226 362 3296 Gallias
384 3227 435 3290 111.
455 3228 483 3290 9.
506 3226 563 3304 12,
577 3226 615 3290 de
636 3227 741 3290 verbis
756 3244 838 3309 qnae
852 3227 886 3289 in
901 3225 1212 3307 utramquepartem
1234 3224 1287 3284 si·-
1400 3229 1402 3234 ’

239 3327 446 3406 gnificatioue
467 3327 625 3409 reciproca
638 3331 670 3390 et
683 3326 817 3389 adversa
837 3327 1060 3408 accipiuntur,
1075 3324 1130 3388 ubi
1152 3323 1288 3385 adducto

238 3443 273 3486 55
287 3426 353 3489 loco
367 3425 521 3490 Saliustii
541 3427 622 3489 ait-
636 3430 740 3489 metus
755 3425 897 3487 hostium
918 3428 1002 3488 reste
1022 3424 1141 3485 dicitur
1161 3425 1192 3484 et
1213 3439 1287 3483 eum

238 3523 353 3586 timent
373 3523 499 3598 hostes,
520 3527 553 3586 et
579 3543 652 3588 curn
673 3525 837 3588 timentur.
860 3521 974 3602 Itaque
994 3521 1173 3594 Sallustius
1199 3520 1233 3580 in
1254 3519 1286 3581 h.

236 3620 257 3682 l.
289 3624 410 3684 metum
441 3618 585 3702 Pompeii
617 3622 702 3684 dixit
728 3639 792 3684 555
820 3619 905 3701 quod
933 3618 1104 3701 Pompeius
1135 3621 1289 3680 metueret

238 3715 342 3800 (quod
363 3722 411 3780 est
431 3717 616 3800 usitatius),
630 3719 686 3782 sed
706 3719 791 3800 quod
811 3721 1004 3782 metueretur
1024 3734 1056 3794 -3
1081 3715 1165 3779 idern
1190 3715 1288 3779 dicito

237 3816 276 3880 de
290 3815 419 3878 iniuriis
432 3817 464 3876 51
485 3813 613 3877 insidiis
634 3817 775 3879 alieuius
796 3835 876 3898 quas
894 3815 1079 3897 saepissime
1094 3813 1173 3878 Sall.
1189 3831 1288 3877 5555-

236 3920 292 3997 pat
322 3915 356 3976 in
387 3916 556 3992 utramque
576 3917 708 3994 partem.
741 3914 888 3979 Ceterum
907 3913 1079 3980 Bomilcari
1112 3929 1210 3976 55555
1237 3914 1287 3975 11-

239 4013 347 4076 mendi
368 4015 436 4076 erat
457 4011 568 4074 idonea
588 4031 628 4075 ne
648 4011 810 4076 Nabdalsa
829 4013 881 4077 vel
907 4014 948 4077 ab
974 4014 1098 4094 incepto
1122 4011 1288 4075 desisteret

239 4126 294 4189 per
314 4112 482 4175 mollitiem
509 4115 605 4190 atque
625 4109 818 4187 socordiam,
840 4114 876 4173 ut
896 4111 1009 4175 dicunt
1028 4111 1171 4175 subiecta
1191 4106 1287 4170 verba

240 4204 403 4286 Sallustii,
417 4211 469 4274 vel
482 4211 652 4274 consilium
668 4207 820 4293 proderet3
840 4211 1049 4292 timoremque
1068 4212 1199 4273 eventus
1212 4222 1287 4287 pro-

240 4305 337 4373 bavit.
369 4307 472 4394 Quin,
493 4307 654 4384 Nabdalsa
682 4309 829 4393 absente,
851 4310 908 4394 qui
939 4309 1062 4382 55111551
1086 4304 1197 4378 statim
1217 4306 1286 4388 post
