3322 5188
212 551 354 616 soterum
377 555 433 634 qui
454 571 527 617 enm
547 569 602 636 per
629 555 752 618 litteras
773 557 906 617 monuit.
926 532 1079 617 I'loscteri
1100 555 1193 618 leutio
1215 561 1263 619 est

213 653 305 716 valde
328 653 510 733 probabilis,
531 653 586 716 sed
607 655 703 716 etiam
726 653 859 732 vulgata
880 651 1005 714 defendi
1026 658 1138 735 potest.

293 751 326 812 0.
347 750 376 814 4.
396 751 426 814 2.
448 769 465 809 ιι
486 753 585 814 simul
612 771 652 814 ne
676 771 732 831 per
759 751 961 812 insolentiam
989 753 1063 831 quis
1090 753 1264 814 existumet

213 853 331 911 memet
351 849 493 910 studium
517 869 623 912 meum
645 849 803 911 laudando
822 850 972 911 extollere
992 871 1009 911 »
1031 848 1189 925 Barnous.
1205 851 1263 910 in*

213 952 403 1027 terpretatur
423 981 446 992 -
467 967 507 1009 ne
528 949 601 1026 quis
624 948 786 1010 existimet
808 965 859 1008 me
886 947 1034 1010 extollere
1064 953 1181 1009 memet
1209 965 1265 1029 per

213 1045 439 1120 insolentiam,
467 1045 610 1106 studium
631 1063 737 1106 meum
758 1045 916 1106 laudando
938 1064 970 1122 -3
992 1045 1110 1108 rectius
1138 1046 1265 1107 ridetur

213 1143 488 1224 interpretandum
511 1177 533 1188 -
554 1145 687 1222 nequis
708 1143 879 1216 existimet,
898 1148 1027 1220 memet,
1047 1163 1102 1224 per
1124 1143 1267 1206 insolen-

212 1241 304 1314 tiam,
324 1241 474 1303 extollere
494 1239 637 1302 studium
659 1259 775 1314 meum,
797 1237 955 1302 laudando
976 1274 999 1285 -

294 1336 328 1400 G.
342 1338 370 1399 5.
383 1337 412 1399 4.
429 1357 446 1397 «
466 1337 555 1401 Bello
568 1338 688 1400 Punico
704 1337 841 1400 seeundo
856 1355 918 1416 quo
932 1337 997 1399 dux
1013 1338 1266 1420 Carthaginien-

215 1437 301 1498 sium
313 1437 477 1500 Hannibal
490 1441 561 1517 post
575 1435 832 1516 magnitudinem
847 1437 986 1497 nominis
1000 1435 1134 1498 Romani
1150 1437 1266 1498 Italiae

212 1553 289 1614 opes
311 1553 461 1598 maxume
481 1537 647 1597 attriverat
667 1557 684 1596 »
704 1533 807 1596 Verba
816 1535 1151 1612 postmoqoitudz'nem
1166 1535 1265 1596 iutel-

214 1633 277 1712 ligi
299 1633 389 1695 video
411 1665 434 1678 -
454 1651 494 1694 ox
515 1652 577 1712 quo
600 1631 640 1694 ad
661 1649 816 1710 magnum
839 1632 962 1710 gloriae
981 1637 1013 1694 et
1033 1633 1191 1713 potentiae
1210 1633 1263 1692 la-

217 1731 353 1808 stigium
367 1727 465 1791 Roma
476 1734 622 1810 proveeta
635 1735 702 1790 erat
714 1748 745 1806 -3
763 1729 841 1790 mihi
857 1728 1069 1808 intelligenda
1085 1731 1233 1792 ridentur
1246 1763 1266 1778 -

211 1833 340 1908 praeter
360 1827 616 1908 magnitudinem
637 1827 778 1887 nominis
798 1828 942 1902 Romani,
960 1828 980 1888 i.
995 1847 1020 1888 e.
1030 1829 1265 1906 postattritnm

218 1943 342 2000 nomen,
357 1927 451 1986 etiam
470 1943 543 2004 opes
563 1924 737 2000 attriverat3
758 1941 843 2002 quae
863 1924 925 1985 dno
946 1925 1071 1988 diversa
1090 1929 1121 1986 et
1141 1924 1266 1985 distin-

218 2022 366 2100 guenda3
388 2022 468 2084 illud
488 2023 575 2084 enim
596 2022 773 2082 maiestatis
796 2025 854 2096 ost,
868 2021 929 2083 hoe
948 2023 1125 2102 potentiee;
1146 2021 1269 2082 distin-

217 2121 268 2182 xit
288 2127 320 2182 et
338 2119 498 2181 Horatius
522 2117 553 2181 0.
573 2119 602 2179 4.
624 2117 671 2178 15.
693 2117 739 2178 13.
761 2152 783 2163 -
806 2137 860 2198 per
880 2136 959 2197 quas
981 2118 1133 2180 Latinum
1157 2135 1268 2179 norrea

218 2224 250 2289 ot
266 2219 366 2280 Italae
387 2215 519 2279 Crevere
537 2217 634 2289 uires,
647 2214 802 2294 fumoque
810 2221 848 2309 et
872 2217 984 2296 imperi
1006 2215 1154 2278 Porrecta
1167 2216 1269 2277 moio-

221 2320 289 2378 stut
309 2350 332 2361 -
353 2315 427 2377 vide
449 2321 481 2376 et
504 2312 605 2376 eorm.
627 2313 655 2374 3.
676 2312 704 2374 3.
725 2312 773 2374 45.

300 2412 333 2475 0.
354 2413 383 2475 5.
403 2413 431 2474 5.
454 2431 471 2472 ι(
493 2411 601 2490 Igitur
620 2411 764 2472 amicitia
784 2410 974 2473 Masinissae
994 2409 1076 2474 bona
1095 2416 1191 2491 atque
1208 2411 1270 2473 ho·-

219 2515 311 2573 nesta
323 2509 414 2571 nobis
428 2507 620 2587 permansit:
642 2507 697 2568 sed
711 2507 824 2588 imperi
839 2509 987 2588 vitaeque
1005 2507 1162 2570 eiusfinis
1184 2507 1269 2570 idem

152 2639 160 2660 ·
220 2609 283 2670 fuit
305 2629 322 2668 »
344 2605 431 2667 Illud
448 2603 516 2678 sed,
534 2606 617 2683 qnod
638 2603 757 2666 habeut
770 2625 877 2668 omnes
892 2606 976 2682 libri,
990 2624 1063 2667 cnm
1079 2626 1140 2668 non
1156 2606 1271 2668 videa-

219 2703 410 2766 turbabere
431 2703 484 2762 oui
507 2709 689 2781 opponatur,
710 2702 766 2763 alii
787 2704 1004 2779 sustulerunt,
1026 2704 1082 2766 alii
1103 2723 1158 2784 pro
1184 2722 1219 2766 eo
1240 2707 1272 2764 et

221 2804 415 2884 posueruut3
429 2798 484 2861 sed
497 2801 595 2860 etiam
609 2798 751 2861 adhibito
764 2799 824 2862 hoo
840 2801 974 2862 remedio
988 2803 1143 2864 sententia
1158 2802 1272 2863 existit
1362 2823 1363 2827 ¹

222 2901 338 2980 inepta,
359 2897 452 2977 quasi
474 2897 548 2976 quis
561 2902 631 2976 post
646 2903 777 2958 mortem
791 2897 896 2959 adhue
911 2899 943 2960 in
960 2898 1091 2979 imperio
1106 2917 1174 2960 esse
1187 2899 1270 2976 fingi

221 2998 323 3078 possit
332 3015 341 3074 3
361 3014 425 3056 non
440 2996 526 3056 enim
540 3013 577 3056 ea
591 2995 686 3056 verba
700 3029 721 3040 -
735 2995 810 3056 finis
824 2995 906 3056 idem
921 2996 983 3056 fuit
997 3031 1019 3041 -
1034 3015 1118 3074 qnae
1134 3015 1270 3076 aequam

224 3094 391 3174 utriusque
420 3093 464 3156 rei
491 3093 702 3153 conditionem
730 3093 936 3171 significant,
963 3093 1048 3155 trahi
1076 3099 1211 3175 possunt
1231 3094 1272 3154 ad

223 3192 311 3255 hune
331 3209 459 3253 sensum
482 3224 503 3235 —
523 3189 565 3249 ad
585 3189 679 3250 finem
701 3191 789 3252 vitae
811 3209 910 3269 usque
932 3191 1101 3271 imperinm
1128 3191 1272 3254 obtinuit

222 3289 314 3350 nulla
334 3305 367 3348 re
387 3287 637 3350 conlabefaotum
653 3294 709 3349 aut
723 3288 908 3351 infestatum
924 3323 956 3351 -.
968 3289 1012 3350 Ut
1024 3290 1192 3351 consensui
1209 3287 1274 3349 Co-

223 3386 332 3448 dicum
354 3403 415 3446 non
437 3385 606 3462 derogetur
626 3386 809 3458 auotoritas
830 3383 956 3446 videtur
978 3387 1023 3448 ita
1037 3387 1136 3446 oratio
1154 3404 1273 3448 conne-

222 3481 336 3544 ctenda
356 3499 424 3544 esse
445 3515 468 3527 -
489 3483 591 3560 igitur
610 3483 755 3545 amicitia
774 3481 965 3544 Masinissae
985 3483 1067 3546 bona
1087 3491 1183 3562 atque
1207 3481 1273 3542 ho-

222 3585 315 3642 nesta
334 3577 439 3660 (idest
459 3595 543 3658 quae
563 3578 653 3640 decet
672 3580 776 3639 virum
805 3580 924 3642 bonum
952 3585 983 3641 et
1010 3579 1199 3656 honesturn,
1223 3583 1275 3643 vel

222 3679 372 3740 honorem
386 3677 415 3737 ei
430 3679 607 3742 concilians
621 3677 705 3756 apud
719 3679 869 3756 populum
885 3677 1077 3760 Romanum)
1093 3678 1182 3741 nobis
1198 3698 1275 3759 per-

224 3775 351 3849 mensit,
367 3775 387 3834 i.
403 3792 427 3834 e.
442 3792 611 3865 nunquam
626 3772 753 3850 defecit3
768 3775 807 3835 uf.
821 3774 892 3850 Ing.
904 3773 958 3854 177.
973 3776 1002 3836 3.
1021 3775 1076 3836 sed
1089 3795 1152 3838 non
1167 3778 1275 3836 minus

221 3871 354 3980 populus
375 3872 408 3932 R.
424 3879 529 3954 amieo
544 3871 633 3940 fideli
648 3875 679 3933 et
692 3871 823 3933 honesto
837 3874 979 3936 servavit
993 3875 1174 3954 imperium,
1188 3874 1275 3955 qnod

222 3967 250 4028 ei
271 3965 345 4029 dono
364 3969 490 4054 dederat
476 3984 578 4080 ἐμ
601 3969 697 4054 paulo
718 3973 791 4032 ante
774 3969 939 4054 elusqne
957 3972 998 4034 ad
1018 3974 1104 4035 ritae
1124 3973 1229 4047 finem,
1245 3977 1277 4032 et

220 4064 342 4124 itanoo
362 4043 536 4176 dlspap⁵u¹
524 4072 724 4161 1gvitaeet
744 4069 860 4150 imperi
881 4070 1020 4146 finis,ut
1007 4071 1151 4149 trobiqne
1171 4067 1275 4129 bonus

216 4163 248 4226 ot
267 4158 406 4222 honestus.
390 4179 566 4324 ‘efflat
551 4175 619 4255 gina
643 4169 878 4253 coniungenda
905 4186 1012 4232 conseo
1032 4183 1112 4244 queo
1133 4183 1277 4264 aequum
