3322 5188
830 575 983 638 ..40-

385 697 439 754 tor
459 691 497 754 de
519 689 654 771 Micipsa
676 687 783 771 (quae
799 687 982 754 Dietsctics
1003 689 1197 774 distrahit),
1224 692 1260 752 ut
1288 694 1476 770 appareat

386 789 595 851 Masinissam
618 789 783 867 integrum
806 806 940 868 regnum
963 787 1120 852 etiamad
1147 788 1251 848 filium
1278 790 1475 848 transmi-

386 889 471 948 sisse
493 887 532 948 oh
552 885 696 948 eamdem
717 903 849 948 causam
871 892 1016 950 servatae
1038 885 1192 967 usquead
1210 892 1348 948 mortem
1368 887 1474 948 ami-

390 987 487 1047 citiae
508 987 542 1046 in
563 1005 592 1066 p.
614 985 649 1046 R.

470 1083 503 1146 G.
524 1083 552 1144 7.
574 1083 601 1144 6.
624 1102 641 1141 ‹<
667 1083 773 1162 magis
795 1085 964 1164 magisque
990 1101 1064 1144 eum
1094 1083 1127 1145 in
1156 1081 1223 1156 dies
1250 1082 1418 1162 ampiecti
1447 1105 1469 1144 »

390 1180 452 1244 dic.
467 1199 514 1262 cp.
527 1180 575 1242 85.
598 1200 616 1240 «
631 1201 681 1242 me
701 1181 897 1244 amicissime
916 1181 1054 1262 quotidie
1069 1181 1170 1257 mepta
1189 1179 1304 1242 Cacsar
1317 1177 1469 1258 ample-

387 1281 487 1342 oritur
507 1301 524 1341 »
548 1277 655 1340 Horat
674 1277 741 1341 Sat.
765 1278 791 1340 l.
812 1281 840 1364 2.
862 1279 910 1340 53.
931 1313 954 1324 -
974 1279 1034 1340 hoc
1055 1297 1089 1340 sa
1109 1277 1310 1357 amplectitur
1330 1295 1408 1338 uno
1435 1307 1463 1321 -

468 1376 500 1438 O.
523 1375 570 1437 10.
590 1375 618 1438 1.
634 1394 651 1434 «
664 1394 768 1455 neque
782 1394 819 1438 ea
833 1395 882 1438 res
897 1377 1013 1438 falsum
1029 1395 1080 1438 me
1094 1375 1207 1438 habuit
1220 1374 1462 1456 »4Dictscdiws

388 1473 535 1554 repudiat
555 1477 586 1536 et
607 1473 700 1535 uncis
721 1474 844 1536 claudit
864 1491 909 1551 cc,
930 1481 966 1536 ut
987 1476 1029 1535 sit
1045 1508 1067 1520 -
1082 1492 1142 1549 reS,
1155 1479 1297 1547 eventus,
1313 1493 1382 1534 non
1402 1473 1462 1536 fe·-

388 1572 469 1634 fellit
489 1590 575 1652 spem
596 1605 625 1647 -,
646 1589 807 1654 opponens
827 1588 888 1646 res,
912 1572 945 1633 id
959 1579 1007 1636 est
1020 1589 1094 1634 cero
1107 1575 1224 1644 cacata,
1243 1571 1332 1650 spei„
1345 1571 1387 1632 id
1403 1576 1461 1634 est

386 1667 478 1731 retus
499 1671 646 1750 speratis.
661 1669 724 1732 Sed
739 1669 832 1730 lectio
848 1668 992 1748 vulgata,
1007 1687 1104 1748 quam
1119 1669 1193 1731 libri
1208 1668 1335 1743 hebent,
1350 1669 1459 1730 nulla

388 1766 607 1830 emendatione
626 1770 722 1845 eget;
743 1765 820 1828 adeo
840 1766 925 1828 enim
956 1771 1043 1846 patet
1070 1785 1184 1852 nomen
1204 1781 1256 1826 res
1277 1773 1313 1828 ut
1343 1768 1458 1830 etiam
1625 1739 1633 1914 p

389 1863 431 1926 ad
459 1863 492 1924 id
518 1864 602 1943 'quod
622 1869 768 1944 speratur
791 1870 848 1927 aut
867 1865 1001 1926 timetur
1019 1863 1147 1928 extendi
1174 1865 1293 1944 possit3
1325 1882 1455 1927 sensus

363 1975 364 1980 ’
390 1965 438 2024 est
466 1962 581 2042 igitur:
605 1980 642 2024 ea
669 1979 719 2024 res
745 1979 843 2042 quam
869 1962 1034 2044 sperabam
1061 1962 1179 2024 falsum
1206 1981 1257 2022 me
1283 1981 1346 2023 nou
1381 1953 1456 2024 hass
1626 1960 1631 2038 1

390 2059 477 2137 buit;
498 2060 597 2121 forma
617 2093 640 2106 -
661 2077 697 2122 cc
716 2075 767 2138 ras
787 2063 874 2122 -est
894 2077 966 2121 vere
987 2045 1197 2136 Sallustiana3
1227 2059 1272 2121 cf.
1297 2057 1364 2124 Cot.
1396 2061 1452 2124 22.
1626 2039 1627 2066 ¹

381 2156 453 2236 fla..
472 2157 520 2220 23.
542 2157 579 2232 5,
600 2161 631 2220 er
644 2157 692 2219 51.
713 2155 1258 2234 31111.11.,111111111111
1277 2157 1452 2232 ramat.
1623 2108 1629 2268 1

389 2255 418 2316 4.
440 2254 488 2315 61.
506 2253 562 2332 16.;
582 2253 710 2316 Caesari
730 2261 777 2317 est
791 2255 1013 2316 usitatissima.
1027 2254 1108 2322 Vide
1126 2253 1192 2316 ota
1208 2254 1249 2315 ad
1266 2253 1332 2316 Cat.
1347 2255 1400 2317 22.
1416 2255 1450 2318 2.

395 2383 397 2387 ·
470 2351 503 2413 0.
525 2350 572 2412 11.
586 2351 614 2412 6.
631 2371 648 2411 «
662 2370 737 2412 uam
752 2353 857 2432 ipsum
872 2353 964 2414 illum
979 2352 1031 2413 his
1045 2352 1151 2414 tribus
1164 2353 1329 2432 proxumis
1343 2354 1453 2414 aunis

389 2449 590 2529 adoptatione
611 2451 645 2510 in
666 2467 802 2528 regnum
822 2449 1037 2528 pervenisse»
1059 2447 1253 2524 Diomedias,
1272 2449 1454 2529 posidia-

391 2547 512 2619 dcrcm,
538 2545 650 2608 Coram.
674 2545 745 2624 Cap.
766 2546 795 2607 4.
811 2561 843 2622 p.
857 2544 885 2606 t.
898 2546 926 2605 5.
946 2549 1038 2624 putat
1057 2545 1152 2610 verba
1167 2545 1244 2606 haec
1261 2564 1452 2626 repugnare

391 2641 583 2722 supradictis
607 2640 638 2703 0.
659 2641 687 2702 9.
709 2641 738 2701 3.
761 2676 783 2686 -
804 2643 907 2721 igitur
927 2661 983 2704 rex
1004 2632 1065 2704 ubi
1080 2659 1117 2704 ea
1138 2661 1220 2722 quae
1241 2643 1326 2707 fama
1345 2663 1451 2706 acce-

390 2745 480 2822 perat
493 2761 533 2802 ex
546 2741 662 2803 litteris
684 2742 881 2822 imperatoris
903 2744 947 2804 ita
968 2761 1036 2804 esse
1057 2745 1214 2823 coguovit,
1229 2761 1301 2806 cum
1320 2745 1449 2807 virtute
1524 2795 1531 2812 .

390 2845 460 2900 tum
481 2839 589 2919 gratia
609 2839 673 2900 viri
693 2844 853 2920 permotus
874 2840 965 2902 flexit
984 2841 1129 2902 animum
1150 2859 1244 2902 suurn
1266 2846 1297 2903 et
1317 2841 1448 2922 Iugur-

390 2935 482 2997 tham
505 2936 665 2998 beneficiis
686 2937 812 2998 vincere
833 2954 1007 3016 aggressus
1022 2943 1080 3014 est,
1093 2939 1259 3018 statimque
1274 2957 1345 2999 eum
1360 2939 1447 3001 ado-

390 3035 495 3114 ptavit
514 3041 546 3096 et
565 3039 753 3096 testamento
772 3035 891 3114 pariter
906 3053 977 3097 cum
997 3035 1073 3097 filiis
1088 3035 1234 3097 heredem
1255 3037 1399 3098 instituit
1413 3071 1445 3114 ··,

391 3125 519 3212 quippe,
540 3131 568 3192 si
589 3131 747 3211 adoptatio
767 3131 852 3194 facta
871 3140 920 3195 est
939 3133 1051 3193 statim
1071 3137 1142 3214 post
1162 3129 1296 3197 reditum
1314 3133 1444 3213 lugur-

391 3226 468 3289 thae
488 3227 522 3288 in
550 3227 755 3304 Numidiam,
776 3227 860 3310 quod
880 3230 942 3291 fuit
962 3249 1023 3290 non
1046 3235 1116 3310 post
1139 3219 1259 3290 annum
1288 3231 1355 3293 132.
1376 3250 1442 3310 quo

393 3323 499 3407 Scipio
520 3325 636 3387 Romae
656 3327 887 3407 triumphavit,
907 3327 1061 3408 quomodo
1081 3327 1136 3388 hic
1164 3328 1282 3390 dicitur
1310 3329 1440 3408 Iugur-

390 3423 481 3485 tham
502 3424 605 3489 tribus
625 3413 780 3504 proisimis
801 3427 896 3488 annis
918 3424 958 3508 (a
978 3432 1078 3508 morte
1097 3425 1259 3506 Micipsae,
1280 3446 1361 3508 quae
1376 3429 1440 3490 fuit

391 3538 475 3583 anno
499 3521 587 3606 118.)
609 3522 808 3602 adoptatione
828 3525 863 3585 in
884 3525 1224 3604 regnumperveuisse,
1238 3527 1360 3588 scilicet
1374 3546 1439 3587 non

391 3623 466 3680 ante
492 3637 612 3680 annum
641 3619 718 3694 121,
739 3620 893 3682 distentia
913 3637 1069 3682 annorum
1091 3621 1137 3683 11.
1160 3623 1242 3685 inter
1266 3629 1438 3701 utrumque

338 3750 344 3760 ·
391 3715 538 3796 tempus?
550 3717 710 3780 Litteras
725 3717 956 3797 repugnantiae
970 3716 1126 3781 tollendas
1146 3737 1244 3782 causa
1257 3740 1311 3801 pro
1326 3719 1437 3781 statim

395 3809 427 3872 0.
448 3811 478 3872 9.
497 3812 525 3873 3.
546 3813 681 3892 corrigit
700 3815 831 3888 tandem,
853 3811 1038 3876 Dici-totius
1060 3813 1092 3876 0.
1108 3815 1153 3878 11.
1175 3817 1204 3878 6.
1225 3817 1306 3879 delet
1328 3832 1437 3878 vocem

391 3906 600 3988 adoptatione,
616 3919 647 3974 et
667 3913 746 3974 haec
760 3916 869 3973 contra
882 3913 1025 3974 omnium
1041 3913 1191 3976 Codicum
1206 3915 1437 3976 auctoritatem.

470 4007 626 4087 Experiar
645 4012 671 4072 si
694 4029 744 4072 res
765 4011 907 4090 componi
929 4013 1028 4092 possit
1048 4013 1138 4074 salva
1157 4012 1300 4076 lectione.
1315 4010 1359 4074 Et
1379 4010 1437 4071 di-

392 4105 586 4184 stinguenda
607 4108 756 4169 videntur
775 4108 933 4188 adoptatio
954 4109 1131 4188 Iugurthae
1150 4107 1342 4190 prostituet
1356 4109 1438 4172 ado·

393 4203 492 4282 ptatio
510 4203 581 4264 eius
602 4204 636 4264 iu
656 4218 795 4281 ceptum.
816 4205 863 4268 De
883 4207 977 4286 priori
998 4207 1069 4286 agit
1092 4204 1122 4267 d.
1143 4206 1171 4266 9.
1192 4206 1230 4279 3.,
1245 4205 1282 4268 de
1297 4207 1437 4282 secunda

396 4299 428 4362 θ.
452 4300 496 4364 11.
519 4299 564 4380 63
585 4301 640 4366 iila
661 4301 744 4368 facta
765 4309 812 4370 est
833 4305 942 4370 statim
963 4311 1034 4385 post
1055 4303 1190 4368 ruditum
1212 4303 1388 4386 Iugurthae
1403 4307 1436 4368 in
