3322 5188
756 908 1094 1030 lUGURTHA

839 1187 1006 1212 *mamm-

482 1437 513 1498 Ο.
537 1435 612 1501 1.2.
636 1457 652 1496 «
675 1438 834 1501 imbecilla
853 1444 949 1518 atque
969 1439 1039 1500 aevi
1062 1440 1166 1501 brevis
1186 1460 1202 1500 »
1225 1435 1311 1501 Haeo
1333 1440 1448 1502 ultima

400 1537 602 1616 accipiuntur
621 1554 676 1616 pro
688 1535 817 1598 ‘duobus
837 1537 1002 1616 genitivis,
1024 1537 1078 1598 sed
1091 1537 1223 1598 fortasse
1236 1539 1307 1597 ueni
1321 1542 1370 1599 est
1387 1556 1448 1618 ge-

401 1635 534 1708 nitivus,
545 1641 577 1695 et
589 1632 690 1694 breuis
704 1635 921 1695 nominativus
935 1635 1073 1713 pendens
1084 1652 1103 1693 a
1114 1633 1313 1696 substantivo
1323 1639 1447 1713 nutura

402 1731 463 1792 hoe
483 1733 568 1793 enim
591 1732 669 1793 solet
690 1729 879 1803 Sallustius,
895 1737 931 1791 ut
948 1733 1063 1808 ingens
1085 1731 1203 1792 virium
1216 1731 1261 1794 H.
1275 1732 1303 1792 3.
1318 1732 1374 1807 13.,
1387 1729 1449 1792 fir-

400 1834 506 1890 matus
527 1829 627 1890 animi
649 1828 680 1888 3.
696 1825 751 1902 17.,
767 1827 885 1889 dubius
899 1828 1026 1888 consilii
1040 1827 1083 1888 Η.
1099 1827 1128 1889 3.
1142 1827 1199 1904 81.,
1214 1830 1331 1890 anxius
1345 1830 1445 1890 animi

400 1925 444 1987 Η.
465 1925 493 2001 4.
514 1924 582 1998 72,
604 1927 726 1986 nimius
754 1925 853 1986 animi
875 1925 903 1986 4.
924 1923 991 2000 71„
1012 1919 1138 1986 consilii
1166 1943 1261 2006 aeger
1279 1926 1308 1988 4.
1330 1926 1398 2002 73.,
1419 1931 1449 1988 et

401 2023 500 2100 alihi3
516 2023 599 2084 idem
620 2023 767 2084 existimo
788 2024 822 2106 iu
844 2022 981 2083 Horatio
997 2047 1019 2069 ¹·-
1039 2024 1112 2086 vive
1132 2043 1251 2085 memor
1278 2042 1374 2103 quam
1402 2025 1448 2085 sis

402 2122 474 2183 aevi
496 2120 601 2182 brevis
623 2153 645 2166 -
667 2119 734 2184 Sat.
754 2119 783 2182 2.
804 2120 831 2180 6.
850 2119 907 2194 97„
922 2138 996 2180 nam
1011 2124 1042 2182 et
1056 2122 1111 2182 ille
1124 2140 1215 2201 saepe
1229 2121 1281 2184 his
1294 2123 1448 2200 genitivis

402 2218 513 2278 utitur.
536 2215 649 2278 Graeci
681 2217 765 2296 quod
796 2217 890 2280 breve
920 2217 990 2279 aevi
1010 2222 1059 2279 est
1085 2218 1236 2280 dixerunt
1263 2238 1326 2281 uno
1355 2219 1448 2282 verbo

402 2313 611 2394 ὀλιγοχρόνιον.
1026 2333 1028 2338 ’
1260 2393 1264 2401 Ι

482 2413 515 2473 Ο.
538 2413 565 2474 l.
586 2413 614 2474 5.
636 2432 654 2472 ‹<
674 2412 778 2474 aliena
802 2431 840 2474 ao
864 2413 948 2476 nihil
972 2413 1137 2498 profutura
1160 2414 1324 2494 multaque
1352 2414 1449 2476 etiam

400 2508 581 2590 periculosa
600 2516 712 2590 petunt
733 2533 750 2573 ›>
773 2511 884 2588 Aliqui
905 2528 960 2589 pro
976 2509 1154 2586 periculoso
1180 2510 1352 2588 probarunt
1371 2527 1450 2590 per-

401 2607 523 2668 uiciosa
545 2607 629 2685 quod
649 2612 736 2668 extat
759 2607 793 2666 in
814 2625 877 2667 uno
898 2605 986 2681 libro,
1008 2622 1082 2668 cum
1104 2606 1214 2668 maius
1230 2609 1273 2669 sit
1293 2607 1449 2688 pernicies

401 2721 498 2782 quam
520 2704 717 2784 periculum
740 2705 823 2783 quod
844 2703 936 2766 futile
956 2704 1101 2779 videtur,
1122 2711 1233 2765 eontra
1254 2706 1450 2785 reliquorum

402 2803 545 2862 omnium
565 2801 668 2876 fidam,
688 2818 762 2863 oum
783 2802 916 2882 periculi
939 2821 999 2862 vox
1019 2818 1101 2881 quae
1115 2803 1258 2882 proxime
1272 2801 1397 2864 aceedit
1410 2799 1451 2862 ad

400 2901 584 2978 perniciem,
606 2901 685 2962 satis
707 2901 751 2962 rei
773 2901 816 2962 sit
836 2904 918 2979 apta.
938 2898 1123 2960 Dietsouau
1144 2918 1217 2961 vero
1235 2897 1315 2961 Com.
1333 2898 1363 2962 0.
1378 2897 1406 2963 2.
1416 2915 1449 2978 p.

401 2995 450 3058 21.
472 3015 511 3058 ex
531 2997 721 3058 auctoritate
733 2996 774 3057 D.
786 2996 965 3072 Aapustiai
977 2995 1036 3076 Ep.
1051 2997 1109 3072 54,
1123 3001 1293 3074 utrumque
1306 2996 1419 3076 recipit
1431 3028 1451 3042 -

400 3093 580 3172 periculose
599 3111 637 3156 ae
657 3095 830 3176 pernitiosa
850 3129 883 3169 -,
903 3095 995 3174 quod,
1016 3113 1066 3160 me
1087 3093 1215 3174 quidem
1239 3093 1353 3168 iudice,
1374 3110 1451 3174 peo-

402 3196 456 3251 cat
475 3191 640 3274 nimietate
660 3191 847 3265 verborum,
868 3193 987 3254 frustra
1007 3193 1155 3254 invocata
1176 3189 1312 3252 chiamsi
1327 3191 1450 3269 regula,

400 3286 457 3348 aui
479 3288 588 3348 nullus
609 3288 698 3351 loeus
719 3295 774 3364 est,
797 3290 851 3352 ubi
872 3290 972 3351 oratio
991 3307 1047 3368 pen
1066 3288 1186 3366 gradus
1208 3285 1375 3370 (αὔξησιν)
1398 3290 1452 3348 in·

402 3385 504 3448 tondit
525 3388 590 3450 vim
612 3389 690 3449 etin
706 3389 815 3450 eodem
836 3387 945 3449 ordine
964 3385 1118 3467 procedit3
1134 3387 1299 3464 quaedam,
1318 3387 1450 3460 scilicet,

403 3488 480 3546 suut
500 3485 606 3547 aliena
627 3502 664 3546 ao
685 3485 769 3546 nihil
789 3488 961 3567 profutura,
977 3484 1133 3563 quaedam
1155 3485 1251 3544 etium
1264 3483 1451 3564 periculosa.

404 3581 500 3658 Quin,
523 3585 550 3644 si
572 3583 754 3646 chiasmum
775 3585 922 3663 nequitia,
942 3601 1005 3642 non
1027 3580 1214 3661 respondent
1234 3583 1385 3662 opposita.

483 3682 516 3741 G.
538 3681 566 3743 3.
589 3683 615 3744 l.
638 3702 655 3741 ‹<
676 3683 826 3761 quoniam
848 3698 950 3758 neque
971 3679 1083 3740 virtuti
1104 3679 1203 3740 honos
1225 3679 1327 3755 datur,
1348 3697 1452 3758 neque

403 3778 453 3840 illi
474 3780 592 3856 quibus
612 3799 666 3860 pen
686 3780 831 3841 fraudem
853 3779 904 3838 ius
925 3779 986 3840 fuit
1006 3779 1067 3839 tuti
1089 3785 1146 3840 aut
1165 3798 1201 3840 eo
1222 3779 1327 3857 magis
1349 3777 1453 3838 hone·-

403 3876 445 3935 sti
468 3883 581 3939 sunt»
610 3879 662 3938 Ex
686 3877 797 3937 multis
825 3876 1014 3938 lectionibus
1042 3895 1123 3954 quas
1150 3877 1204 3937 hio
1232 3877 1319 3938 locus
1346 3875 1451 3948 habet,

403 3972 590 4035 Dietsoliun
614 3973 695 4036 Com.
720 3973 751 4036 0.
772 3974 800 4036 5.
816 3990 849 4053 p.
877 3973 942 4034 114.
968 3975 1051 4036 hane
1079 3975 1229 4038 conflavit
1249 4007 1272 4020 -
1299 3974 1452 4053 quoniam

403 4089 507 4151 nequo
528 4073 638 4135 virtuti
659 4074 757 4135 honos
779 4073 880 4147 datur,
904 4092 1006 4153 neque
1027 4072 1074 4135 illi
1095 4072 1214 4150 quibus
1231 4089 1287 4150 per
1307 4071 1452 4131 fraudem

404 4169 467 4232 fuit
487 4169 544 4244 uti,
565 4189 601 4232 eo
621 4173 728 4249 magis
749 4171 873 4233 honesti
894 4178 971 4233 sunt
991 4189 1029 4248 -;
1050 4174 1158 4248 postea
1178 4169 1212 4228 in
1227 4167 1300 4228 edit.
1315 4184 1343 4228 a.
1365 4166 1450 4228 1874.

404 4269 489 4331 hanc
509 4270 608 4332 aliam
630 4268 717 4330 dedit
737 4304 760 4314 -
781 4288 882 4348 noque
903 4270 951 4330 illi
973 4267 1091 4348 quibus
1111 4283 1166 4346 pen
1186 4265 1326 4327 fraudem
1348 4265 1398 4328 vel
1418 4265 1453 4326 vi

405 4371 485 4444 suit,
513 4370 575 4432 tuti
602 4371 658 4430 aut
684 4386 718 4431 eo
744 4369 850 4450 magis
871 4368 995 4432 honesti
1023 4370 1099 4432 sunt
1121 4368 1290 4428 -secutus
1320 4365 1363 4428 W.
1384 4363 1451 4426 ao-
