3322 5188
845 593 1000 656 ...20-

396 745 511 812 parum
538 728 761 803 confirmatus,
789 728 888 790 malos
915 726 1096 808 apernicie
1117 729 1271 790 averteret
1290 728 1453 820 praemiis

397 833 455 893 aut
475 829 553 890 dolo.

478 927 512 988 C.
534 924 583 989 27.
604 926 632 992 2.
653 944 673 983 ‹<
693 924 761 1006 ipse
791 938 875 986 cum‘
896 924 959 988 telo
988 941 1056 986 esse
1076 946 1093 985 »
1115 923 1199 1002 quod
1221 929 1289 986 arat
1309 926 1455 986 vetitum

394 1023 466 1102 lege
486 1023 624 1097 Plautia,
645 1041 744 1104 quam
764 1022 840 1084 tulit
859 1021 903 1083 M.
924 1020 1072 1083 Plautius
1093 1021 1245 1084 Silvanus
1265 1021 1304 1084 de
1326 1025 1358 1085 vi
1379 1042 1455 1103 pu·-

395 1121 488 1184 blica.

477 1217 510 1278 C.
524 1216 572 1280 27.
586 1217 615 1279 3.
631 1237 648 1277 «
661 1217 890 1279 coniurationis
903 1217 1060 1298 principes
1075 1220 1225 1280 convocat
1241 1235 1297 1298 per
1309 1217 1350 1278 M.
1365 1216 1455 1278 Por-

395 1315 481 1376 cinm
503 1314 637 1376 Laecam
659 1337 677 1376 »
698 1313 890 1376 Dietcciiaa
908 1313 988 1376 Con.
1014 1313 1044 1378 C.
1062 1314 1091 1376 5.
1105 1331 1140 1392 n.
1162 1314 1228 1376 106:
1243 1315 1455 1394 amplectitur

395 1412 609 1474 coniecturam
631 1410 789 1472 Palmarii
810 1447 833 1458 -
853 1416 1004 1475 convocat
1018 1427 1115 1489 panes
1136 1411 1177 1472 M.
1199 1411 1233 1472 P.
1254 1412 1391 1473 Laecam
1415 1447 1452 1486 —,

394 1510 473 1588 quia
494 1489 665 1587 indignum
688 1509 843 1572 Sallustio
856 1515 955 1590 putat,
972 1510 999 1570 11
1014 1527 1076 1570 non
1091 1509 1209 1570 dixerit
1223 1510 1337 1583 locum,
1352 1509 1453 1588 quasi

395 1609 556 1670 nescierit.
579 1606 640 1670 Sed
660 1626 718 1669 nac
739 1609 823 1669 dixit
843 1608 881 1670 de
901 1607 964 1667 alio
988 1612 1147 1668 conventa
1178 1603 1243 1668 Cat.
1272 1604 1318 1666 17.
1339 1606 1388 1680 3.,
1418 1609 1453 1668 11

395 1723 462 1766 rem
481 1705 598 1783 cuique
618 1705 817 1774 notissimam
838 1705 1006 1784 praeterire
1025 1708 1154 1782 poterat.
1170 1702 1297 1764 Scimus
1313 1721 1390 1766 sane
1407 1723 1453 1766 ex

397 1800 542 1864 Cicerone
567 1811 757 1863 conventum
774 1801 861 1862 hunc
878 1801 1022 1862 habitum
1043 1801 1190 1862 fuissein
1213 1799 1303 1861 domo
1324 1799 1456 1864 Laecae

397 1897 462 1961 Cat.
479 1899 511 1960 1.
539 1897 570 1960 C.
584 1899 623 1972 4.,
637 1904 668 1960 11
688 1917 743 1979 pro
765 1897 863 1970 Salia.
877 1897 932 1972 18.,
949 1899 1138 1961 sedecimas
1154 1897 1260 1972 etiam,
1276 1897 1335 1960 hon
1348 1903 1448 1960 cauta

392 1997 506 2058 facisse
523 1995 699 2059 Catilinam
713 2000 749 2058 ut
769 2000 873 2076 posset
892 2013 1018 2075 negare,
1042 1993 1104 2057 Cio.
1129 1993 1223 2058 Catii.
1245 1995 1272 2055 1.
1298 1992 1328 2056 C.
1349 1995 1389 2069 4,
1416 2001 1451 2057 at

392 2094 422 2158 2.
445 2091 477 2156 C.
498 2093 537 2171 63
558 2095 661 2172 igitur
691 2113 753 2156 non
784 2094 902 2154 mirum
934 2096 961 2154 11
982 2111 1037 2173 per
1057 2092 1192 2155 Laecam
1217 2092 1385 2154 invitasset
1407 2093 1447 2154 iu

393 2193 495 2274 ipsius
515 2192 634 2254 Laecae
654 2191 794 2264 domum,
817 2193 873 2270 qui
894 2195 963 2253 erat
986 2211 1068 2254 uuus
1089 2211 1129 2253 ax
1142 2191 1328 2264 coniuratis,
1347 2189 1378 2252 C.
1395 2189 1451 2253 17.

393 2290 460 2352 Noc
478 2289 666 2352 contradicit
689 2287 794 2351 Cicero
814 2308 870 2370 pro
891 2288 985 2354 Salia
1009 2288 1039 2351 C.
1058 2289 1104 2350 18.
1120 2323 1142 2334 -
1156 2307 1230 2352 cum
1244 2289 1285 2348 ad
1299 2289 1339 2350 M.
1356 2287 1449 2350 Lae-

394 2403 465 2449 cam
485 2392 576 2450 nocte
595 2404 689 2449 ea...
714 2386 870 2450 Catilinae
891 2386 1130 2448 denunciatione
1150 2387 1298 2447 convenit
1313 2417 1353 2459 -,.
1365 2387 1447 2464 quia

395 2484 535 2547 Catilina
555 2486 740 2548 convocavit
770 2487 801 2544 et
832 2483 1041 2544 denunciavit
1059 2501 1115 2561 per
1134 2482 1268 2544 Laecam
1296 2481 1447 2544 admini-

394 2585 543 2645 strumet
556 2582 721 2642 dominum
738 2579 859 2640 domus.
874 2579 937 2640 Per
951 2579 1122 2658 aliquando
1136 2580 1290 2658 scriptum
1306 2597 1373 2642 1111
1387 2599 1446 2660 pro

388 2693 485 2758 panca
505 2678 539 2737 in
571 2677 662 2739 libris
682 2693 794 2757 parum
823 2677 932 2754 iuvat3
953 2677 1125 2755 quominus
1155 2679 1241 2738 enim
1268 2675 1322 2739 hic
1346 2693 1446 2756 ponas

394 2776 573 2855 recipiatur,
594 2774 697 2844 obstat
717 2775 771 2837 vis
789 2774 890 2849 verbi,
906 2779 942 2835 ut
956 2776 1022 2854 ipse
1038 2773 1222 2836 Dictaotino
1236 2776 1362 2837 fatetur.
1377 2775 1447 2837 Fc-

394 2877 464 2936 star
485 2872 660 2954 distinguit
679 2871 764 2951 annai
783 2878 814 2933 et
828 2888 966 2950 ponec·-
985 2873 1068 2952 apud
1090 2879 1121 2935 et
1140 2892 1236 2954 panes
1251 2875 1285 2934 in
1300 2874 1359 2935 hoc
1374 2872 1446 2934 dif-

393 2970 500 3032 1111111
514 2969 599 3049 quod
613 2970 748 3032 altarum
761 2987 926 3050 personam
943 2989 1016 3032 cum
1031 2972 1097 3034 loco
1112 2972 1285 3050 siguificat,
1300 2973 1439 3036 altorum

393 3085 560 3151 porsonam
579 3077 611 3130 et
630 3067 807 3150 dominium
825 3085 865 3130 ac
884 3073 1087 3148 potestatem.
1109 3103 1132 3114 -

455 3165 509 3226 C.
529 3163 577 3228 27.
597 3165 651 3226 fin.
673 3184 691 3224 ‹<
711 3185 784 3228 eum
805 3163 1026 3250 (Ciceronem)
1049 3167 1116 3228 1111
1137 3167 1280 3228 consiliis
1302 3166 1443 3226 multam

395 3263 518 3328 officere
537 3284 556 3326 »
575 3262 614 3325 In
635 3263 689 3325 illo
709 3270 866 3326 conventu
886 3266 971 3345 apud
992 3264 1127 3325 Laecam
1149 3263 1290 3324 Catilina
1311 3263 1444 3339 dixerat,

395 3363 563 3444 paululum
583 3361 646 3424 sibi
658 3379 733 3424 »esse
746 3363 844 3424 etiam
859 3369 929 3425 tum
945 3379 1050 3424 morae
1070 3361 1174 3441 quoad
1189 3361 1297 3423 Cicero
1311 3363 1444 3439 vireret,

396 3464 589 3524 attestatur
612 3458 717 3522 Cicero
742 3458 836 3522 Catil.
858 3461 885 3523 1.
905 3461 935 3522 4.

477 3558 515 3620 (1.-
531 3557 579 3622 28.
599 3557 628 3621 2.
651 3577 668 3617 <‹
689 3558 722 3620 C.
740 3557 904 3622 Cornelius
919 3577 1015 3637 eques
1030 3558 1190 3620 Romanus
1205 3574 1330 3638 operam
1352 3577 1445 3620 suam

395 3655 576 3736 pollicitus,
596 3662 628 3718 at
647 3673 722 3718 cum
743 3675 778 3720 eo
798 3657 833 3717 L.
855 3655 1075 3734 Vargunteius
1096 3655 1228 3718 Senator
1251 3658 1444 3719 constituere

396 3771 434 3817 ea
454 3758 544 3816 nocte
563 3755 657 3835 paulo
676 3758 747 3836 post
766 3771 843 3825 cnm
861 3754 993 3816 armatis
1014 3753 1199 3820 hominibus
1227 3757 1324 3818 sicuti
1349 3755 1446 3815 salu-

395 3856 500 3915 tatum
520 3852 649 3915 introire
669 3869 689 3914 a
710 3852 901 3928 Ciceronem,
922 3865 960 3914 11
980 3853 1018 3915 de
1040 3853 1210 3934 improviso
1232 3853 1338 3916 domni
1367 3869 1444 3914 1111

395 3951 587 4032 imparatum
606 3948 769 4012 confodere
789 3971 807 4012 >›
830 3948 1073 4014 Observandum
1093 3958 1152 4025 est,
1174 3949 1383 4015 Pintaroinm
1408 3951 1444 4010 in
1535 4007 1537 4014 ,

400 4046 464 4110 Cio.
485 4046 541 4122 16,
561 4065 616 4128 pro
638 4047 670 4110 C.
686 4047 838 4123 Cornelio,
854 4062 885 4110 et
897 4047 931 4111 L.
947 4051 1144 4130 Vargunteio
1158 4070 1272 4131 ponere
1285 4049 1443 4110 Marcium

395 4152 429 4210 et
449 4144 636 4225 Cethegum,
657 4163 780 4227 operam
802 4147 891 4209 illam
912 4149 1085 4230 pollicitos3
1106 4150 1248 4212 vicissim
1262 4147 1443 4226 Appianum

396 4241 489 4307 11111.
508 4241 545 4306 B.
570 4241 601 4306 C.
622 4243 650 4306 2.
675 4242 706 4305 C.
726 4243 794 4307 429.
809 4245 1307 4324 17111111111111.11670.
1328 4263 1443 4326 ponere

398 4341 578 4410 Lentulum.
610 4346 642 4408 et
670 4341 865 4426 Cethegum
890 4362 965 4411 cum
995 4341 1098 4410 011111
1126 4345 1162 4412 11
1192 4342 1284 4411 Catil.
1311 4344 1336 4408 1.
1362 4342 1393 4410 C.
1413 4341 1444 4405 4.
