3322 5188
713 355 868 418 ...w-

268 488 373 554 saitus
387 488 506 570 positae
525 489 623 565 eraut,
637 488 740 568 prima
753 506 836 568 qnae
850 489 929 552 forte
943 487 1105 552 venientes
1125 490 1285 571 exciperet
1291 511 1317 553 a

265 583 450 648 Dialectici
464 586 552 648 addit
565 587 603 648 de
620 605 677 647 suo
690 619 710 633 -
729 587 807 650 forte
828 586 990 649 venientes
1010 586 1046 647 ic
1065 602 1179 649 maaca
1197 619 1216 634 -
1237 589 1318 668 quia

266 703 309 746 ex
321 682 433 744 Froat.
447 687 538 746 ati-ct.
555 684 583 746 2.
597 683 626 744 5.
640 683 687 745 31.
707 684 804 764 primi
826 683 874 746 illi
895 682 988 745 effusi
1009 687 1085 745 sunt
1106 683 1139 745 in
1161 685 1315 765 palantes,

267 783 299 841 et
319 779 402 842 nihil
422 782 485 843 tale
505 785 716 862 expectantes.
743 780 910 844 Additioui
930 781 1036 844 obstat
1055 780 1140 859 quod
1160 782 1316 862 excipere,

266 891 331 938 non
350 877 544 956 palantibus,
559 877 614 940 sed
631 878 838 953 irruentibus,
858 880 916 938 eut
938 877 1052 940 saltem
1072 876 1175 940 obviis
1196 892 1319 938 conve-

265 973 343 1034 niet.
368 972 482 1036 Cacsar
501 975 540 1036 B.
565 974 601 1040 c.
626 962 660 1037 15
674 974 723 1038 25.
735 973 812 1051 flac.
832 1008 852 1022 -
872 974 1005 1036 Romani
1037 989 1191 1037 converse
1221 976 1319 1053 signa

266 1067 415 1150 bipartito
435 1059 611 1134 intulerunt
623 1117 630 1133 .
642 1113 670 1132 ..
687 1071 782 1134 tertia
797 1074 834 1132 ut
851 1071 1014 1134 venientes
1027 1071 1196 1152 exciperet.
1210 1102 1231 1117 -
1245 1075 1277 1133 et
1290 1070 1317 1130 1.

265 1166 315 1230 26.
327 1201 349 1213 -
361 1167 396 1228 in
416 1171 538 1230 nostros
559 1169 725 1231 venientes
746 1167 810 1229 tela
829 1167 1043 1230 coniiciebant
1056 1201 1076 1214 -
1089 1169 1165 1230 item
1188 1168 1215 1230 1.
1235 1168 1283 1231 52.
1298 1149 1341 1214 -’

268 1263 421 1326 Germani
454 1265 591 1345 impetus
621 1264 801 1344 gladiorum
831 1271 1031 1345 exceperunt
1053 1299 1075 1311 -
1097 1265 1266 1346 Intelligo,
1288 1267 1319 1328 si

265 1359 422 1440 paisortc
441 1363 591 1424 acciscat.
611 1363 678 1425 Alii
698 1362 812 1442 legunt
826 1363 936 1440 prima
947 1361 1072 1437 secate.

343 1457 395 1519 Fr.
415 1457 465 1521 21.
486 1477 504 1518 u
525 1457 699 1538 Saguntini
718 1458 780 1522 fide
799 1463 895 1538 atque
923 1461 1085 1522 aerumnis
1099 1461 1221 1525 incluti
1239 1477 1319 1542 prae

265 1555 462 1631 mortalibus,
477 1555 582 1620 studio
602 1557 720 1622 maiore
733 1573 831 1636 quam
846 1557 957 1637 opibus
972 1580 990 1620 »
1004 1559 1107 1622 Antea
1120 1559 1287 1638 legebatur
1297 1591 1318 1604 ·-

264 1671 320 1734 per
340 1653 522 1716 mortalium
543 1653 686 1717 studium
707 1656 850 1718 maiores.
864 1687 884 1702 -
897 1653 1171 1731 Emendationem‚
1190 1676 1231 1718 ex
1252 1653 1317 1717 (loa

265 1750 346 1826 dice,
363 1749 573 1823 *commendat
586 1756 710 1831 praeter
723 1757 837 1827 cetera,
850 1753 939 1816 locus
954 1755 988 1815 in
1001 1753 1061 1834 Ep.
1075 1753 1206 1834 Pompei
1219 1751 1270 1815 lii.
1287 1753 1317 1814 2.
1383 1809 1394 1828 ,

255 1846 311 1923 fr.
333 1847 384 1908 96.
402 1847 432 1908 4.
453 1881 476 1893 -
497 1848 614 1910 maiore
634 1848 740 1911 studio
760 1867 856 1928 quam
876 1851 1016 1913 consilio.
1038 1883 1061 1896 -

344 1943 397 2006 Fr.
417 1943 465 2006 43.
488 1963 507 2004 «
527 1945 622 2008 Venti
642 1965 698 2028 per
717 1963 797 2009 cava
816 1951 917 2010 terrae
944 1947 1053 2024 citati,
1074 1948 1159 2028 rupti
1190 1947 1314 2026 aliquot

264 2046 387 2105 montes
407 2042 587 2122 tumulique
607 2043 754 2123 sedere.»
771 2043 880 2108 Lectio
901 2049 937 2106 ut
950 2049 1016 2106 stat
1028 2042 1197 2126 probanda,
1211 2061 1316 2122 neque

265 2139 482 2220 recipiendum
502 2155 642 2214 coapata,
664 2145 721 2203 aut
740 2142 842 2204 acatis
858 2142 1103 2224 praecipitata
1125 2140 1170 2202 cf.
1189 2141 1315 2202 Lacri-

267 2237 349 2299 ticm
369 2237 397 2299 6.
417 2254 464 2301 ac.
477 2236 545 2300 556.
565 2252 624 2318 ecp.
645 2239 702 2318 qui
722 2239 810 2301 locus
829 2255 904 2300 cum
925 2236 1079 2301 Sallustio
1099 2239 1266 2312 consentit,
1281 2242 1313 2300 et

263 2334 371 2398 nescio
392 2351 435 2396 an
455 2334 496 2398 ab
515 2335 591 2398 aliis
621 2335 664 2398 sit
683 2335 944 2414 animadversus3
964 2354 991 2398 c.
1012 2335 1080 2398 576.
1102 2337 1205 2398 -Est
1235 2335 1315 2398 haec

263 2431 406 2494 eiusdem
425 2449 550 2512 quoque
569 2434 680 2511 magni
700 2450 798 2496 causa
817 2433 971 2510 tremoris,
993 2433 1115 2496 Ventus
1137 2434 1193 2496 ubi
1215 2437 1313 2513 atque

265 2529 392 2589 animae
413 2526 517 2590 subito
537 2528 587 2590 vis
608 2530 750 2592 maxima
770 2530 939 2610 quaedam,
954 2532 1019 2592 Ant
1039 2533 1236 2594 extrinsecus
1257 2533 1315 2591 aut

264 2625 338 2706 ipsa
356 2625 470 2688 tellure
488 2631 594 2690 coorta
614 2620 652 2688 I'n
671 2627 740 2691 loca
759 2646 794 2690 ee
812 2645 887 2690 cccc
906 2633 1002 2691 terrai
1022 2619 1173 2703 coniecit,
1204 2628 1315 2708 ibique

263 2721 441 2804 Speluncas
461 2723 545 2787 inter
557 2739 693 2804 magnas
707 2725 814 2788 fremit
826 2729 900 2788 ante
913 2725 1064 2804 tumultu,
1085 2723 1313 2788 versabunda-

264 2838 327 2900 qne
346 2823 496 2902 portatae
516 2825 594 2903 post,
615 2823 715 2884 tacita
735 2838 810 2884 cum
830 2823 889 2898 vis,
902 2821 1079 2898 acupieta
1099 2822 1182 2884 foras
1203 2841 1314 2885 erum-

264 2917 353 2998 pitur
366 2922 398 2980 et
411 2919 510 2982 simul
524 2923 626 2982 artam
639 2918 814 2998 Difficdcca
830 2924 947 2984 terram
967 2937 1123 3000 magnum
1143 2921 1314 2983 concinnat

263 3013 447 3078 hiatum...
468 3017 632 3098 Multaque
651 3021 811 3098 praeterea
830 3017 1017 3080 oeciderunt
1036 3019 1163 3080 moenia
1182 3019 1313 3096 magnis

262 3112 404 3180 Motibus
434 3115 581 3178 interris
610 3118 642 3178 et
661 3114 782 3178 multae
799 3135 855 3196 per
885 3134 972 3179 mare
993 3135 1122 3198 pessum
1143 3114 1315 3181 delectere
1418 3141 1422 3150 ·

263 3212 333 3274 sois
354 3213 475 3293 parite-r
494 3228 569 3276 cum
588 3213 713 3276 civibus
733 3214 826 3278 urbes
848 3249 870 3261 -
890 3221 921 3278 et
941 3233 1023 3296 qnae
1043 3217 1229 3295 sequuntur.

263 3359 265 3364 .
342 3307 395 3370 Fr.
416 3308 465 3370 53.
486 3329 504 3370 «
525 3330 542 3376 e
562 3312 662 3376 muris
681 3329 778 3375 canes
805 3313 920 3394 sportis
941 3311 1195 3398 demittebant.»
1217 3309 1313 3372 Recte

148 3427 153 3432 ·
263 3404 348 3468 vidit
374 3404 525 3468 Kritciaa
545 3407 599 3471 hic
619 3429 686 3482 rem
705 3411 828 3473 narrari
851 3409 888 3472 de
908 3427 972 3489 qua
990 3409 1156 3488 Appianae
1176 3405 1213 3468 da
1232 3406 1312 3468 Bell.

261 3501 411 3566 Mittite.
431 3503 500 3569 218.
513 3505 574 3582 fia
598 3507 636 3569 P.
658 3508 684 3569 1.
699 3524 733 3588 p.
761 3507 828 3570 367.
860 3506 927 3568 edit
957 3504 1087 3590 Amatci.
1119 3503 1212 3581 1670,
1238 3521 1313 3566 cum

260 3601 419 3682 adportas
435 3603 644 3671 Chalcedonis
658 3603 770 3666 Nudus
791 3624 865 3668 cum
885 3606 970 3680 aliie,
992 3603 1141 3686 demissis
1169 3603 1322 3676 funibus,‘

259 3717 387 3763 sursum
402 3705 496 3775 tracti
511 3705 597 3769 sunt
611 3703 754 3782 Appiani
767 3705 863 3766 verba
882 3703 1068 3782 ἀνιμήσαντο
1087 3706 1119 3764 et
1133 3701 1313 3772 καλωδίοις,
1429 3728 1433 3735 ·

257 3797 379 3858 iaciunt
399 3808 436 3870 ut
457 3828 524 3886 non
547 3801 591 3864 sit
613 3799 787 3866 absurdum
807 3803 962 3864 coniicere
982 3819 1038 3863 -e
1062 3800 1163 3863 muria
1188 3799 1312 3860 iones*

253 3908 325 3954 cnm
345 3895 401 3964 alii
415 3920 537 4004 papas,
559 3913 682 3972 artace,
705 3897 756 3960 vel
776 3913 870 3960 ccccc
889 3899 999 3976 velint3
1019 3901 1051 3961 et
1064 3899 1141 3978 qnia
1163 3897 1198 3959 in
1212 3895 1311 3976 portis

250 4005 299 4049 ms
316 3997 429 4119 ²3⁶qu
453 4051 473 4105 r
510 4004 620 4072 aotam
642 3997 808 4060 lectionem
829 3996 1051 4059 constituerem
1076 3998 1121 4058 ita
1135 4013 1188 4056 -e
1208 3993 1310 4057 muria

432 4068 487 4224 υἱ
497 4110 538 4182 3,
565 4097 665 4178 casu)
688 4094 903 4162 demittebant.
926 4131 948 4144 -
968 4093 1004 4162 Si
1030 4094 1103 4176 quia
1134 4091 1205 4158 vult
1225 4091 1310 4156 tueri
