3322 5188
670 587 825 650 -ss-

208 710 399 788 ‘inmoritur
425 720 544 785 studiis
564 722 596 784 et
621 737 726 784 amore
746 721 879 786 senescit
903 721 1041 786 habendi
1062 755 1084 770 -
1105 726 1136 786 et
1156 723 1190 784 in
1211 741 1273 802 pe-

220 821 319 884 cnnia
339 853 362 868 -
383 819 496 882 defixis
516 817 618 880 oculis
644 818 805 898 animaque
833 823 864 880 et
889 836 1013 900 corpora
1040 825 1142 900 torpet
1160 853 1187 880 -.

261 917 324 980 Sed
336 917 445 998 quaeri
456 919 562 997 posset
572 933 631 978 cur
642 932 763 978 venena
776 915 830 977 hic
844 916 1068 996 interposuerit
1082 916 1271 988 Sallustius,

220 1013 341 1095 quidve
356 1031 393 1076 ea
410 1031 578 1076 commune
597 1011 740 1076 habeant
760 1030 834 1075 cum
855 1013 887 1075 vi
902 1013 1119 1076 effeminandi.
1134 1013 1274 1085 Venena,

224 1118 262 1174 ut
277 1113 323 1174 ait
346 1110 483 1175 (tattaeus
504 1110 525 1171 t.
539 1109 576 1171 ale
590 1110 707 1172 samias
727 1109 863 1172 ἁλλιοΰστ
882 1112 921 1174 τὸ
932 1113 1041 1189 σῶμα;
1062 1111 1110 1173 eie
1125 1111 1210 1172 inest
1224 1110 1274 1170 vis

221 1206 364 1271 vertendi
384 1213 417 1270 et
437 1206 603 1283 mutandi3
627 1205 728 1270 Gaius
746 1207 784 1268 tu
803 1207 824 1269 l.
838 1207 898 1270 236
910 1209 952 1288 ff.
969 1207 1005 1270 da
1025 1225 1054 1270 e.
1074 1221 1099 1268 s.
1114 1241 1134 1254 -
1155 1205 1272 1268 veneni

221 1305 350 1368 nomine
380 1323 475 1376 omne
503 1305 684 1366 continetur
710 1303 794 1384 qood
817 1304 1001 1368 adhibitum
1029 1308 1179 1367 naturam
1202 1301 1295 1363 eius

220 1402 274 1464 cui
294 1402 478 1466 adhibitum
499 1405 582 1464 esset
602 1405 708 1463 mutet
726 1435 749 1448 -
770 1402 843 1464 inde
863 1401 1022 1465 Horatius
1034 1399 1134 1480 Epod.
1148 1399 1176 1462 5.
1190 1397 1242 1460 st.
1254 1432 1275 1445 -

220 1516 354 1574 venena,
375 1516 532 1578 magnum
553 1499 602 1560 fas
622 1498 784 1579 nefasque,
804 1519 868 1562 non
889 1499 999 1562 valent
1014 1492 1188 1560 conuertere
1207 1496 1276 1558 hu·-

222 1613 351 1658 manam
367 1598 471 1659 vicem
487 1628 521 1673 -‚
534 1613 616 1677 quae
630 1596 727 1659 verba
747 1614 806 1676 ego
820 1599 1047 1678 interpretatus
1066 1613 1138 1656 sum
1153 1595 1186 1656 in
1205 1592 1273 1656 aas.

220 1691 263 1754 aal
281 1693 456 1755 Horatium
475 1693 594 1755 Romae
615 1697 677 1772 tup.
699 1693 862 1757 dalotucaa‘
881 1691 968 1756 1874.
977 1710 1012 1774 p.
1025 1691 1065 1757 28
1078 1705 1148 1771 sequ
1161 1709 1202 1754 ex
1215 1689 1276 1752 hoo

220 1792 335 1854 venem
351 1810 465 1854 nomen
478 1791 625 1854 adhaesit
639 1793 710 1854 tneo
727 1810 790 1872 qno
804 1795 897 1858 lanae
911 1792 1085 1855 medicatae
1099 1789 1280 1870 pristinum¹

219 1888 352 1952 colorem
379 1890 553 1968 amittunt3
579 1889 619 1952 of.
647 1887 754 1952 Plaut.
774 1889 888 1952 Psaat.
909 1890 937 1951 3.
958 1889 987 1953 2.
1008 1888 1077 1963 80.,
1099 1887 1153 1949 ubi
1175 1896 1273 1948 senex

219 1985 254 2046 in
274 1985 536 2048 adolescentulam
557 1985 676 2049 dicitnr
695 2005 815 2050 veneno
834 1988 1017 2048 restitutus.

300 2082 335 2144 C.
357 2082 404 2144 ll.
425 2083 454 2144 3.
475 2102 493 2142 «
513 2084 652 2146 avaritia
679 2101 801 2165 semper
832 2085 958 2146 infinita
990 2081 1183 2146 insatiabilis
1214 2082 1277 2152 eet,⁴

222 2195 325 2256 neque
344 2179 435 2260 copia
454 2199 558 2260 neque
574 2181 684 2261 inopia
697 2182 855 2243 minuitur
870 2203 898 2242 s.
914 2181 1028 2255 Quivis
1043 2178 1200 2256 intelligit
1212 2175 1274 2238 hoc

221 2275 303 2336 scite
324 2273 447 2337 dictum
467 2276 506 2339 de
525 2278 636 2357 copia3
655 2293 731 2339 cum
750 2278 837 2340 enim
857 2295 895 2340 aa
910 2279 1018 2340 omnia
1031 2277 1132 2340 soleat
1145 2275 1273 2346 satiare,

220 2388 285 2432 non
316 2371 403 2434 idem
433 2373 511 2436 iacit
537 2375 571 2436 in
592 2374 747 2449 avaritia,
769 2376 803 2436 in
824 2391 889 2454 qua
910 2381 1103 2438 crescentem
1125 2372 1273 2450 seqnitur

218 2485 299 2531 cura
328 2471 520 2550 pecuniam,
545 2471 767 2550 maiorumque
793 2473 905 2533 tames.
925 2471 989 2534 Sed
1015 2471 1184 2534 avaritiam
1206 2486 1271 2530 non

219 2565 323 2628 minui
356 2567 482 2648 inopia,
513 2567 573 2630 hoo
603 2567 706 2630 nihilo
735 2568 808 2648 plus
829 2569 990 2649 explicare
1020 2567 1146 2631 videtur
1173 2581 1211 2626 ac
1240 2565 1270 2626 ei

219 2662 295 2741 quis
322 2661 410 2726 dicat
430 2665 547 2727 -sitis
572 2684 635 2728 nen
656 2666 815 2728 minuitur
840 2667 946 2746 inopia
971 2666 1105 2746 liquoris
1131 2697 1160 2738 -,
1184 2661 1270 2742 qnod

219 2764 303 2822 esset
328 2759 483 2842 ineptum.
513 2761 580 2824 Hoc
613 2779 688 2825 cum
720 2763 863 2843 plerique
889 2763 1079 2843 Interpretes
1109 2760 1270 2833 viderent,

220 2858 254 2918 in
283 2858 402 2920 multae
428 2865 525 2940 atque
552 2860 694 2922 diversas
714 2861 862 2923 abierunt
882 2861 1067 2923 sententias.
1086 2858 1200 2920 Nescio
1226 2874 1269 2918 an

219 2953 391 3034 quisquam
411 2958 636 3034 observaverit,
651 2957 780 3020 Latinos
794 2959 972 3038 scriptores,
993 2975 1066 3020 com
1082 2955 1193 3018 volunt
1207 2972 1271 3032 ge«

217 3053 370 3116 nataliter
389 3055 550 3118 affirmare
570 3054 698 3135 aliquid
720 3071 888 3133 nunquam
914 3073 977 3116 non
997 3053 1081 3128 fieri,
1101 3052 1194 3132 quasi
1214 3070 1270 3132 per

129 3153 132 3160 “
218 3151 388 3214 formulam
407 3153 565 3234 proverbii
586 3153 684 3216 solere
704 3153 840 3232 iungere
863 3152 1031 3225 contraria,
1053 3151 1099 3213 ita
1121 3156 1155 3212 nt
1182 3150 1270 3230 qnod

217 3249 252 3323 ip
273 3253 408 3328 utroque
427 3253 658 3314 contrariorum
679 3252 868 3330 contingat,
890 3248 924 3310 id
945 3266 1064 3328 semper
1085 3250 1271 3326 contingere

218 3345 430 3426 intelligatur,
445 3365 639 3428 quamquam
650 3349 840 3412 alterutrum
854 3367 895 3410 ex
909 3348 1079 3411 contrariis
1095 3345 1178 3408 nihil
1196 3365 1271 3426 pro-

219 3443 323 3524 posito
343 3447 532 3524 conveniat3
552 3445 652 3507 Ptaut
668 3446 804 3507 artata
824 3447 852 3511 2.
872 3445 902 3509 2.
922 3447 991 3522 72,
1012 3445 1050 3510 de
1072 3443 1270 3508 adolescente

217 3538 358 3621 prodigo,
380 3575 399 3590 -
420 3544 477 3622 qui
498 3543 738 3624 corneditquod
758 3544 821 3606 fuit
841 3544 925 3625 qued
945 3543 1089 3606 nonfuit
1111 3575 1132 3588 -
1153 3541 1269 3602 Horat.

218 3635 327 3715 Epist.
349 3638 375 3699 1.
396 3638 425 3702 7.
445 3638 494 3702 72.
508 3641 674 3704 -dicende
693 3642 827 3705 tacenda
849 3643 974 3704 locutus
987 3673 1006 3688 ··
1021 3641 1097 3702 item
1114 3638 1181 3702 Sat.
1197 3639 1225 3701 2.
1240 3639 1269 3700 3.

216 3733 266 3818 95.
279 3769 301 3784 -
320 3735 433 3799 divina
445 3737 651 3819 humanaque
664 3740 808 3820 pulchris
822 3741 958 3822 Divitiis
979 3741 1091 3819 parent
1104 3772 1126 3783 -
1143 3737 1269 3799 Tassat.

216 3831 350 3914 Adelph.
370 3835 398 3898 5.
414 3835 442 3898 9.
456 3836 504 3898 33.
518 3870 539 3882 -
553 3837 637 3898 iusta
651 3837 773 3900 iniusta
785 3855 913 3918 prorsus
928 3838 1032 3898 amaia
1046 3869 1069 3882 -
1090 3841 1120 3898 et
1141 3835 1268 3896 Ptorua.

219 3930 247 3992 3.
260 3933 288 3994 3.
302 3933 461 3996 23.-una
480 3941 586 3998 tecum
607 3933 690 3997 bona
710 3935 795 3996 mala
818 3934 1024 3999 tolerabimus
1045 3967 1067 3980 -
1087 3931 1186 3995 Auta.
1203 3933 1229 3993 1.
1240 3931 1268 3992 3.

217 4029 248 4091 9.
261 4033 332 4096 iure
345 4033 467 4095 iniuria
481 4067 513 4094 -.
534 4032 623 4096 Idem
645 4032 747 4094 solent
768 4033 882 4096 Graeci
902 4031 1040 4095 formula
1065 4033 1117 4094 καί
1137 4030 1268 4100 δικαίως

216 4131 371 4208 καδίκως;
401 4136 441 4193 ut
466 4129 697 4210 Aristophanes
724 4129 838 4205 Plato,
865 4131 920 4195 ubi
943 4129 1136 4194 Scholiasta
1163 4128 1270 4207 expli-

218 4229 271 4286 cat
290 4259 313 4272 -
332 4230 404 4292 auct
426 4229 489 4290 τῶν
511 4230 604 4292 παντὶ
627 4228 781 4307 τρόπῳ-ς
803 4244 862 4308 nec
883 4247 974 4290 secus
995 4227 1173 4291 Sallustius
1193 4218 1268 4304 ple-

220 4319 1268 4405 wawmmstdffitmuzffim
