3322 5188
812 604 947 665 -4..

359 741 529 804 Gruterum
556 744 587 803 et
610 738 838 801 Passeratiuru.
868 737 1036 802 Terentius
1057 737 1157 800 Auis.
1178 737 1206 800 2.
1229 738 1254 799 l.
1277 738 1322 800 14.
1336 771 1353 787 -
1369 739 1402 801 in

355 839 479 919 aliquid
499 839 588 901 nihil
605 843 663 900 est.
682 869 702 886 -
981 853 983 858 ’

439 935 470 998 0.
492 935 519 996 3.
535 935 567 998 2.
588 955 605 994 <‹
627 936 660 996 in
681 934 794 1015 primia
815 933 952 995 arduum
973 934 1101 997 videtur
1115 951 1165 997 res
1185 939 1293 1014 gestas
1315 935 1403 996 scri-

355 1035 445 1097 bere:
466 1035 607 1114 primum
629 1033 713 1113 quod
733 1034 817 1094 iacta
837 1032 934 1093 dictis
955 1033 1154 1112 uuusquuuiu
1181 1036 1257 1094 eunt
1277 1054 1294 1094 »
1316 1031 1404 1094 Haec

355 1131 460 1207 verba,
481 1145 521 1192 ex
535 1130 796 1210 Antiquioribus,
817 1121 863 1191 ita
882 1129 1021 1210 explicat
1040 1129 1250 1192 Kuuturitus
1261 1161 1283 1176 -
1297 1128 1403 1192 verbis

356 1230 402 1289 ita
412 1247 477 1289 rem
487 1230 664 1310 exprimere
670 1232 788 1308 oportet
799 1234 835 1290 ut
846 1246 948 1308 neque
961 1228 1061 1288 uiuis
1076 1227 1247 1290 laudentur
1259 1225 1401 1300 honesta,

354 1343 414 1388 nec
435 1327 540 1405 turpia
560 1327 659 1387 uiuis
679 1327 919 1406 vituperentur,
940 1328 1039 1405 utque
1059 1326 1156 1391 lector
1182 1323 1262 1405 quid
1287 1327 1319 1385 et
1338 1339 1403 1402 que

356 1424 477 1484 ratione
498 1422 622 1500 aliquid
635 1423 756 1484 iactum
772 1423 815 1484 sit
829 1423 991 1504 intelligat
1006 1457 1038 1484 -.
1052 1422 1133 1484 Mihi
1148 1422 1296 1486 videntur
1309 1419 1405 1482 verba

357 1537 402 1595 ea,
417 1537 498 1599 quae
516 1518 677 1595 ueneratio
698 1525 782 1595 sunt,
797 1521 837 1582 ad
851 1520 978 1582 laudem
993 1525 1050 1582 eut
1063 1519 1325 1600 vituperationem
1339 1533 1403 1577 non

356 1636 425 1680 esse
445 1616 629 1681 cohibenda.
651 1615 779 1680 Scilicet
799 1617 979 1681 Sallustius
998 1618 1055 1698 qui
1070 1622 1163 1679 antea
1177 1619 1324 1696 posuerat
1337 1614 1404 1675 dif-

356 1715 524 1777 ferentiam
545 1715 629 1776 iuter
648 1721 785 1776 actorem
806 1718 838 1776 et
851 1715 1034 1794 scriptorem
1049 1732 1163 1788 rerum,
1178 1711 1249 1775 vult
1266 1696 1353 1772 nunc
1367 1713 1405 1772 ut

357 1813 510 1892 scriptor,
532 1829 727 1891 quamquam
742 1811 825 1872 nihil
840 1813 947 1886 iaciat,
960 1817 1066 1874 tamen
1082 1812 1127 1873 ita
1140 1828 1206 1872 rem
1224 1809 1324 1871 oculis
1345 1825 1405 1870 su-

356 1909 477 1984 biiciet,
493 1914 528 1970 ut
542 1911 634 1988 quasi
650 1910 750 1972 iacere
765 1909 912 1972 videatur
926 1926 1008 1989 quae
1022 1913 1137 1984 narret,
1152 1912 1183 1970 et
1195 1908 1292 1970 lector
1309 1907 1404 1967 iactis

356 2007 436 2086 ipsis
451 2009 602 2068 interesse
616 2007 678 2070 sibi
694 2007 846 2082 videatur,
861 2007 945 2085 quod
959 2007 997 2068 de
1007 2011 1126 2068 oratore
1146 2004 1230 2067 dixit
1248 2001 1351 2067 Cicero
1366 2001 1405 2062 de

361 2103 446 2166 Orut.
458 2103 485 2165 3.
497 2103 545 2165 53.
558 2137 580 2150 -
594 2103 794 2165 Permultum
808 2108 912 2165 movet
927 2105 1061 2166 illustris
1075 2103 1265 2184 explanatio,
1280 2117 1411 2163 rerum--

357 2219 419 2279 que
445 2204 538 2281 quusi
555 2205 708 2276 peruuuu
728 2201 788 2263 sub
808 2206 970 2280 aspectum
990 2219 1089 2282 paene
1109 2201 1282 2274 subiectio,
1307 2201 1343 2258 ut
1363 2197 1404 2257 iis

357 2298 414 2376 qui
435 2297 573 2373 audient,
588 2297 670 2359 illud
687 2298 771 2378 quod
784 2299 985 2378 augebimus,
998 2303 1156 2378 quantum
1170 2298 1292 2360 efficere
1306 2295 1404 2356 oratio
1526 2361 1531 2372 ,

356 2397 479 2476 poterit,
496 2399 616 2460 tuutuut
637 2411 703 2458 usse
723 2394 944 2458 uidentur-et
957 2413 981 2456 e.
1002 2395 1050 2456 56.
1071 2397 1142 2456 uult
1163 2399 1317 2455 oratorem
1337 2405 1406 2454 esse

357 2495 501 2556 veritatis
511 2499 645 2555 uctoruu
653 2527 675 2540 -
684 2493 771 2554 Idem
783 2491 820 2552 de
830 2494 948 2570 pictore
958 2491 1118 2553 Horatius
1130 2490 1231 2554 Sutir.
1242 2489 1273 2553 2.
1283 2488 1311 2551 i.
1322 2487 1371 2550 ct.
1383 2517 1405 2536 ι

357 2592 455 2653 miror
466 2616 488 2636 ι
501 2588 626 2650 Praelia
647 2589 774 2651 rubrica
787 2589 874 2668 picta
889 2593 946 2650 aut
959 2588 1107 2666 carbone;
1121 2588 1210 2650 velut
1223 2588 1251 2649 si
1272 2586 1319 2649 ui
1331 2601 1406 2649 euru

357 2689 512 2768 pugnent,
530 2687 655 2761 feriant,
676 2686 840 2765 vitentque
860 2692 1022 2766 moventes
1047 2685 1145 2746 Arma
1165 2685 1238 2746 riri.
1259 2717 1279 2732 -

439 2783 472 2846 0.
493 2785 522 2846 3.
541 2785 570 2846 4.
593 2803 610 2842 ‹<
631 2789 738 2846 tamen
759 2785 842 2846 inter
854 2788 945 2846 tanta
958 2785 1038 2846 vitia
1052 2782 1213 2848 imbecilla
1225 2786 1313 2845 aetas
1327 2799 1406 2844 am-

358 2881 479 2946 bitione
498 2887 646 2962 corrupta
658 2881 825 2944 tenebatur
838 2903 855 2943 s>
870 2879 1055 2943 Dietsctius
1072 2879 1184 2945 Cornu.
1206 2879 1238 2942 G.
1252 2879 1280 2942 5.
1289 2896 1323 2960 p.
1339 2879 1405 2940 101.

358 2983 450 3060 putat
470 2977 637 3041 eutiticuu
657 2983 824 3058 corrupto,
844 2995 913 3041 esse
934 2978 1146 3058 intelligenda
1163 2962 1242 3040 casu
1266 2978 1407 3041 ablativo

358 3077 407 3139 ita
427 3082 463 3138 ut
484 3079 553 3157 ipsa
572 3076 705 3138 ambitio
724 3081 871 3158 corrupta
884 3075 1018 3152 dicatur,
1033 3075 1114 3138 idest
1123 3091 1234 3154 prosu,
1245 3089 1407 3153 perversu,

360 3178 391 3236 et
412 3173 570 3236 teuetutur
589 3174 749 3236 artissime
773 3174 975 3254 iungendum
995 3192 1069 3238 cum
1094 3173 1178 3234 iuter
1200 3176 1288 3234 tuutu
1312 3171 1406 3245 uitio,

360 3271 468 3336 eodem
489 3271 579 3335 modo
599 3289 663 3352 quo
682 3274 755 3350 quis
776 3271 894 3334 dicitur
913 3272 997 3333 iuter
1017 3271 1159 3332 claustra
1180 3269 1288 3332 seueri
1313 3270 1406 3333 Nus-

360 3387 467 3450 quam,
487 3370 589 3445 eredo,
610 3371 791 3433 invenietur
810 3371 1017 3434 ambitionem
1038 3373 1094 3432 aut
1114 3370 1203 3432 aliud
1217 3369 1334 3431 vitium
1353 3369 1408 3430 di-

359 3473 449 3530 ctum
469 3487 537 3531 esse
549 3472 730 3546 eoruupiuut
737 3489 749 3544 ,·
764 3467 867 3530 isthec
881 3487 943 3530 vox
957 3469 1108 3530 convenit
1121 3467 1270 3541 moribus,
1279 3466 1411 3543 animis,
1520 3459 1523 3464 ’

360 3565 543 3632 hominibus
564 3567 620 3647 qui
643 3584 676 3628 se
695 3571 857 3646 praestare
876 3572 1010 3646 possunt
1024 3567 1186 3644 integros,
1207 3565 1283 3626 dum
1297 3570 1408 3628 contra

361 3664 478 3725 vitium
499 3681 676 3745 numquam
697 3682 759 3726 nou
780 3669 829 3726 est
848 3663 979 3726 malum.
1000 3661 1133 3726 Sallust.
1154 3661 1243 3726 Hist.
1267 3663 1293 3724 1.
1316 3663 1362 3728 12.
1384 3695 1407 3708 -

361 3761 513 3823 iuventus
527 3761 608 3822 luxu
621 3766 717 3840 atque
732 3761 869 3824 avaritia
882 3763 1028 3842 corrupta
1042 3775 1099 3824 est.
1110 3795 1133 3808 -
1143 3761 1248 3825 Verba
1260 3762 1406 3823 Auctoris

361 3859 408 3920 ita
428 3858 663 3938 interpretanda
682 3859 832 3921 videntur
844 3892 866 3905 -
878 3877 1073 3940 quamquam
1093 3861 1222 3922 animus
1243 3877 1331 3922 meus
1352 3859 1407 3918 in-'·

361 3955 465 4017 solens
486 3957 642 4018 malarum
664 3957 782 4018 artium
797 3963 1018 4037 aspernaretur
1031 3958 1111 4020 vitia
1125 3957 1288 4031 audaciae,
1302 3956 1407 4036 largi-

361 4053 468 4128 tionis,
489 4055 651 4129 avaritiaa
673 4058 780 4116 tamen
800 4058 925 4136 propter
945 4055 1139 4118 imbecillam
1159 4059 1303 4129 aetatem,
1325 4055 1407 4115 iuter

362 4155 453 4213 tanta
473 4153 562 4227 vitia,
582 4151 749 4216 tenebatur
768 4159 937 4233 curruptue
958 4151 1145 4228 ambitione,
1161 4152 1242 4214 idest
1262 4155 1332 4213 erut
1349 4150 1408 4213 ob-

363 4250 494 4315 strictus
514 4250 696 4332 corruptela
714 4251 918 4328 ambitionis3
946 4252 1038 4330 quasi
1066 4251 1169 4314 dicat:
1197 4268 1259 4312 uon
1288 4249 1407 4312 mirum

364 4351 393 4413 si
413 4335 561 4417 contactu
573 4353 734 4416 tantorum
748 4350 898 4417 vitiorum
913 4349 1052 4417 haeserit
1070 4350 1150 4418 mihi
1161 4349 1311 4428 ⁴ambitio,
1332 4367 1406 4416 cum
