3322 5188
827 595 980 660 -42..

378 746 441 811 quo
460 728 627 812 adoptatus
649 732 681 792 in
703 745 849 810 reguum,
869 729 1027 813 particeps
1049 731 1141 810 regni
1169 731 1273 793 factus
1298 733 1365 808 est,
1394 735 1426 796 in

378 847 513 908 regnum
535 829 689 910 pervenit.

458 928 557 989 Varia
577 933 626 990 est
646 927 733 990 verbi
755 927 904 1006 adoptare
925 927 1124 1007 significatio
1144 933 1175 990 et
1196 928 1265 990 ideo
1284 948 1347 990 non
1372 947 1427 990 so-

376 1025 443 1087 lent
475 1024 651 1105 Scriptores
683 1025 778 1087 silere
803 1025 843 1085 ad
873 1026 953 1105 quid
979 1027 1100 1107 aliquis
1127 1027 1309 1107 adoptetnr3
1336 1045 1429 1108 prae-

376 1130 425 1184 ter
448 1122 640 1186 Sallustium
659 1121 740 1184 locis
755 1122 922 1199 adductis,
941 1121 1078 1184 Plautus
1092 1122 1219 1184 Pacuui.
1238 1121 1324 1184 Prol.
1343 1123 1393 1186 75.
1407 1157 1429 1170 -

376 1219 467 1284 Emit
487 1221 676 1301 hospitalem
697 1221 726 1282 is
751 1220 857 1282 filium
886 1207 1068 1302 imprudens
1096 1239 1193 1282 senex
1221 1220 1359 1282 Puerum
1379 1221 1428 1282 il-

375 1319 456 1394 lum,
476 1337 613 1398 eumque
634 1317 762 1399 adoptat
782 1319 843 1382 sibi
859 1335 919 1398 pro
931 1317 1014 1396 Jilio,
1035 1336 1170 1397 eumque
1191 1316 1337 1380 heredem
1354 1317 1429 1379 fecit

377 1435 453 1478 oum
474 1417 543 1497 ipse
562 1415 641 1480 obiit
660 1417 747 1480 diem
769 1449 792 1462 -
811 1415 862 1478 Id.
883 1415 958 1478 idid.
977 1415 1008 1477 4.
1025 1416 1054 1479 2
1074 1416 1122 1480 82.
1143 1447 1166 1462 -
1186 1415 1220 1476 Is
1239 1415 1275 1476 iu
1290 1415 1428 1478 ,diritius

377 1514 471 1575 homo
491 1513 656 1594 adoptavit
675 1514 762 1576 hune
782 1531 858 1576 cum
878 1515 962 1576 diem
983 1515 1064 1578 obiit
1079 1533 1173 1576 suum
1187 1525 1209 1562 -’
1224 1511 1343 1576 cistert.
1357 1513 1385 1573 4.
1398 1512 1427 1574 2.

375 1611 424 1674 78.
446 1645 470 1660 ··
490 1613 608 1674 sociem
629 1617 660 1676 te
681 1612 761 1674 mihi
783 1612 897 1692 adopto
915 1611 958 1672 ud
977 1629 1078 1673 mecm
1096 1611 1266 1672 sulutem-v
1286 1627 1346 1672 neo
1366 1629 1428 1670 non

374 1711 403 1770 4.
423 1710 452 1772 2
472 1709 531 1786 78,
551 1711 625 1774 ride
644 1714 677 1772 et
698 1709 827 1771 Procul.
841 1708 872 1770 4.
889 1708 920 1770 4.
934 1710 972 1783 6,
992 1710 1074 1770 Mea.
1088 1708 1174 1770 Prol.
1188 1707 1236 1769 60.
1250 1723 1321 1788 aeq,
1341 1705 1426 1768 Poe-

329 1861 330 1864 ,
373 1807 439 1868 aui.
460 1808 491 1892 5.
510 1809 539 1871 2.·
560 1807 607 1869 85.
629 1811 662 1870 et
679 1807 738 1882 98,
761 1807 886 1870 Pereat.
906 1805 1038 1887 Adelph.
1061 1807 1088 1870 1.
1118 1807 1144 1869 1.
1172 1806 1231 1883 22,
1259 1806 1286 1870 1.
1313 1805 1342 1870 2.
1370 1806 1426 1882 34,

378 1902 485 1966 Cicero
501 1921 561 1983 pro
582 1904 619 1966 P.
641 1903 801 1968 neeriae.

456 2000 631 2064 Dissensus
652 2002 858 2082 componendi
879 2003 944 2065 alia
962 2003 1036 2065 iniri
1051 2007 1154 2086 potest
1167 2004 1256 2080 ratio,
1270 2003 1298 2064 si
1313 2020 1428 2084 nempe
1496 2043 1499 2046 <

311 2087 313 2094 ⁴
376 2099 581 2179 intelligatur
611 2098 771 2178 Iugurtha
800 2100 903 2163 tribus
932 2103 1087 2182 proximis
1118 2102 1214 2162 annis
1235 2103 1268 2162 in
1290 2097 1427 2180 regnum

374 2199 567 2280 pervenisse,
582 2195 744 2282 (deteriori
760 2199 995 2282 significatione
1010 2199 1189 2279 occupandi,
1206 2205 1242 2260 ut
1255 2199 1327 2275 Iup.
1340 2198 1370 2260 4.
1384 2197 1424 2281 4.)

376 2295 418 2356 iis
439 2293 573 2374 quidem
591 2295 629 2360 de
648 2295 757 2358 causis
770 2315 852 2376 quas
866 2315 962 2378 supra
976 2297 1129 2372 diximus,
1143 2298 1317 2378 sapientiae
1331 2289 1428 2358 aeta-

374 2391 421 2454 tis
442 2392 532 2468 suae,
550 2393 788 2456 benevolentiae
817 2395 917 2458 morbi
938 2397 1051 2456 aetatis
1072 2395 1233 2474 Micipsae,
1255 2394 1354 2456 fretus
1375 2401 1428 2454 ta-

374 2507 447 2552 men
468 2491 636 2571 praecipue
657 2491 866 2570 adoptatione,
888 2509 984 2570 quem
1005 2494 1123 2552 Auctor
1143 2498 1314 2566 memorat,
1339 2489 1371 2554 0.
1392 2491 1423 2552 9.

374 2587 412 2662 3.,
433 2587 550 2648 factam
573 2589 681 2648 statim
701 2592 772 2668 post
792 2587 928 2649 reditum
950 2588 1128 2664 Iugurthae
1148 2591 1181 2649 in
1203 2589 1400 2650 Numidiam.

453 2683 523 2746 Non
545 2683 693 2762 intelligo
716 2703 788 2746 vero
809 2701 866 2746 cur
886 2691 916 2746 et
936 2703 999 2764 quo
1020 2687 1090 2747 iure
1109 2685 1293 2746 Dielsclrius
1316 2690 1425 2746 testa-

374 2785 521 2859 mentum
541 2779 693 2861 Micipsae
713 2783 833 2844 sactum
854 2783 965 2844 rtatim
992 2788 1062 2864 post
1083 2783 1219 2844 reditum
1247 2783 1425 2861 Iugurthae

374 2880 409 2941 in
430 2879 625 2956 Numidiam,
647 2886 683 2943 ut
704 2881 871 2943 manifeste
891 2887 977 2961 patet
996 2903 1037 2944 ex
1053 2881 1085 2944 0.
1105 2883 1133 2944 9.
1147 2881 1185 2958 3.,
1199 2883 1372 2944 transferat
1385 2881 1426 2942 ad

374 2977 435 3052 hoo
449 2978 634 3053 triennium,
649 2979 741 3058 quasi
759 2998 799 3040 ex
812 2997 849 3041 eo
861 2979 1017 3042 efficiatur
1030 2980 1222 3060 Iugurtham
1238 2981 1272 3040 in
1289 2997 1425 3058 regnum

374 3077 577 3158 parvenisse,
597 3094 672 3138 cum
693 3081 803 3138 contra
827 3083 1074 3154 testamentum,
1100 3079 1229 3141 vivente
1254 3081 1425 3153 testatore,

374 3173 460 3236 vires
481 3192 544 3234 non
564 3175 679 3254 capiat

454 3269 600 3333 Varietas
615 3273 790 3353 scripturae
803 3277 851 3335 est
866 3273 898 3350 in
911 3274 1045 3337 -tribus
1059 3273 1112 3334 his'
1126 3273 1281 3353 proximis
1296 3273 1390 3333 annis
1405 3303 1425 3317 -

373 3365 560 3431 Dietsclrius
587 3369 670 3431 delet
693 3369 745 3430 iiis
764 3375 889 3452 propter
908 3373 1033 3449 aliquos
1047 3423 1049 3428 .
1062 3370 1210 3445 Codices,
1239 3369 1425 3434 derectius

336 3512 338 3516 -
374 3471 489 3542 servat,
510 3485 604 3546 quem
627 3485 740 3547 sequor
760 3474 885 3548 propter
904 3468 1042 3528 rationes
1061 3485 1141 3546 quas
1161 3468 1277 3548 profert
1307 3466 1423 3530 Comei.

369 3581 402 3644 p.
422 3563 501 3640 229,
522 3569 553 3626 et
572 3565 650 3645 quia
669 3565 730 3628 hoc
750 3570 798 3627 est
818 3585 859 3627 ex
882 3583 967 3626 more
989 3563 1160 3640 Sallustii,
1187 3565 1258 3642 Iup.
1281 3565 1330 3628 31.
1350 3564 1378 3625 2.
1402 3597 1424 3614 ··

373 3680 449 3724 nam
470 3663 526 3724 illa
546 3663 675 3743 quidem
695 3663 786 3744 piget
806 3661 910 3723 dicere
929 3660 982 3721 Iris
1002 3662 1097 3722 annis
1118 3663 1303 3742 quindecim
1324 3679 1423 3742 quam

372 3758 511 3822 ludibrio
531 3760 656 3822 fueritis
676 3759 835 3840 potentiae
854 3772 1027 3837 paucorum
1042 3792 1065 3803 -
1078 3757 1185 3821 Praei.
1209 3759 1323 3822 Pseud.
1336 3756 1424 3820 Prol.

372 3852 402 3915 t.
424 3879 445 3894 ·
468 3853 551 3928 Quid
571 3861 619 3918 est
645 3856 729 3935 quod
749 3861 786 3918 tu
806 3855 1008 3918 exanimatus
1029 3856 1093 3918 iam
1114 3857 1171 3919 tos
1190 3859 1307 3920 multos
1321 3857 1422 3918 dies-

373 3949 463 4015 Pcra.
492 3952 519 4013 l.
542 3952 569 4016 l.
595 3953 644 4015 38.
663 3987 684 4000 -
703 3971 781 4032 quos
807 3949 1002 4038 (nummos)
1024 3955 1173 4017 continuo
1193 3955 1253 4018 tibi
1275 3971 1422 4032 reponam

374 4050 410 4112 in
430 4048 484 4112 doc
503 4051 609 4113 triduo
630 4056 686 4114 eut
705 4049 875 4130 quatriduo
894 4085 915 4100 -
935 4056 966 4115 et
987 4052 1015 4115 2.
1038 4053 1066 4114 1.
1086 4053 1115 4114 5.
1134 4087 1156 4102 -
1174 4071 1249 4114 nam
1274 4050 1422 4130 equidem

373 4155 406 4212 te
436 4149 500 4209 iam
532 4155 634 4212 sector
660 4150 810 4229 quintum
840 4150 922 4213 dunc
950 4171 1072 4214 annum
1093 4183 1116 4196 -
1145 4150 1269 4210 Terret.
1294 4145 1419 4210 Plora.

376 4247 402 4310 1.
417 4247 445 4310 3.
459 4245 488 4310 7.
502 4281 525 4296 ··
539 4247 653 4310 fuisset
672 4251 742 4309 turn
763 4247 835 4310 illos
857 4249 937 4312 mihi
959 4266 1054 4328 aegre
1073 4249 1194 4326 aliquot
1215 4246 1282 4308 dies
1302 4279 1324 4292 -
1344 4245 1421 4307 Eu-

375 4345 465 4412 uued.
485 4346 513 4413 2.
534 4345 562 4413 2.
583 4345 630 4412 46.
651 4381 672 4396 -
691 4343 756 4410 Sex
775 4363 833 4428 ego
863 4351 893 4413 te
912 4353 1011 4423 totos,
1034 4345 1205 4422 Parmeno,
1234 4343 1289 4408 llos
1318 4363 1419 4410 annos
