3322 5188
705 323 860 384 ——6l-

264 455 475 540 Capsensibus
506 459 581 521 solis
611 456 691 522 haec
717 459 906 522 dicerentur.
926 455 1021 519 Haud
1050 473 1142 520 secus
1172 455 1312 532 Cacsar,

261 557 357 619 otiam
378 574 451 618 oum
468 557 510 619 de
530 575 594 619 una
614 557 723 636 aliqua
742 557 873 618 civitate
893 557 1055 635 loquitur,
1073 557 1114 616 ad
1133 575 1236 620 mores
1257 563 1312 620 rc

259 654 326 715 tius
341 656 480 734 regionis
494 657 691 731 transcurrit,
706 656 886 732 singularia
900 673 940 714 ex
958 655 1194 718 universalibus
1209 656 1315 716 aesti-·

260 767 371 830 mans;
393 753 464 815 vido
483 752 520 815 B.
539 752 575 816 G.
596 753 624 814 3.
644 751 683 828 8.,
704 752 732 812 3.
754 752 811 826 10.,
832 751 860 812 3.
883 750 939 826 19,
959 752 988 812 4.
1011 751 1050 828 5.,
1071 751 1099 811 6.
1122 750 1178 826 11.,
1199 750 1228 812 7.
1249 750 1314 826 22,

259 844 288 928 7.
308 847 356 909 42.
378 847 457 910 (lum
477 853 581 912 cetera
601 851 667 911 sint
686 848 840 929 expedita,
862 847 1036 912 difficultas
1057 848 1153 910 estin
1166 847 1274 910 verbis
1289 878 1309 892 -·

259 962 361 1024 neque
382 946 533 1009 beneficio
554 979 576 992 -·
597 947 676 1026 quia
696 963 758 1006 non
779 946 859 1006 satis
880 950 1028 1024 appareat
1054 963 1135 1024 quae
1161 947 1227 1006 sint
1252 950 1311 1008 sut

258 1060 327 1104 csse
339 1045 462 1125 possint
475 1043 627 1107 beneficia
640 1044 674 1104 in
688 1041 854 1104 Numidas.
866 1041 902 1102 Si
913 1041 1133 1113 difficultatem
1149 1060 1314 1104 removere*

257 1157 320 1202 non
340 1141 447 1220 placet
467 1139 683 1220 intelligendo,
704 1140 832 1202 nomino
847 1137 1001 1214 beneficii,
1015 1140 1185 1202 mollitiam
1199 1140 1310 1220 populi

258 1242 453 1316 senatusque
464 1238 608 1312 Romani,
619 1254 683 1316 qua
697 1235 857 1314 Iugurtha
870 1241 916 1299 tot
930 1234 1085 1298 scelerum
1099 1240 1208 1297 auctor
1221 1255 1313 1298 sem-

257 1352 314 1414 per
332 1335 511 1414 impunitus
531 1335 673 1408 abierat,
698 1332 728 1395 0.
752 1332 799 1394 13.
821 1339 940 1413 etseq,
961 1333 1045 1412 quod
1069 1327 1199 1414 longius
1227 1338 1311 1396 essct

257 1432 402 1512 petitum,
423 1432 516 1494 oredo
537 1432 688 1493 removeri
710 1449 801 1510 posse
828 1450 883 1511 per
903 1450 940 1493 ea
960 1447 1041 1510 quas
1069 1432 1315 1494 observavimus

261 1527 328 1590 Cot.
349 1527 395 1589 11.
417 1528 454 1605 3.,
477 1533 514 1590 ut
541 1528 638 1592 verba
664 1529 792 1592 valeant
813 1563 834 1574 -
855 1544 1012 1609 tuaquom
1033 1533 1104 1590 cate
1129 1527 1194 1590 cllo
1221 1527 1308 1590 modo

257 1626 430 1688 coercitum
451 1661 474 1673 -

338 1723 372 1784 G.
392 1724 440 1788 92.
459 1725 514 1786 fin.
537 1725 688 1786 «milites
701 1743 807 1804 neque
819 1743 875 1805 pro
889 1743 979 1806 opere
992 1725 1165 1787 consistere
1184 1725 1309 1804 propter

257 1821 460 1900 iniquitatem
479 1823 555 1902 loci,
576 1841 679 1902 neque
699 1823 781 1884 inter
793 1823 904 1884 vineas
918 1823 989 1885 sine
1002 1821 1142 1902 periculo
1158 1821 1308 1882 admini-

257 1922 357 1980 strare
371 1941 388 1980 ›>
402 1917 562 1996 Barnous.
570 1936 631 1998 pro
644 1935 733 1998 ‘opera
753 1920 978 1998 interpretatur
989 1921 1025 1980 io
1039 1934 1135 1996 opere,
1151 1917 1231 1995 quia
1245 1935 1309 1978 non

257 2015 432 2078 verisimile
452 2020 501 2078 cst
520 2018 639 2080 milites
660 2022 730 2078 cais
750 2017 861 2078 vineas
882 2017 999 2094 positos
1016 2015 1118 2078 fuisse
1130 2014 1172 2075 ad
1185 2033 1238 2077 cas
1253 2019 1310 2076 tu-

256 2101 384 2187 tandas,
405 2131 506 2191 quum
527 2120 636 2176 contra
655 2115 767 2176 vincae
787 2114 828 2173 ad
841 2112 990 2174 tutandos
1005 2113 1125 2174 milites
1140 2117 1308 2173 strueren-

256 2208 1308 2292 mmmmmmmmmmfflwwmfflw

257 2306 422 2385 significat
442 2307 485 2368 io.
512 2307 697 2372 Gerlcolricc
717 2313 806 2371 notat
827 2308 972 2370 codicem
995 2307 1224 2370 [taurinensem
1245 2305 1309 2368 he-

256 2402 329 2466 bere
343 2421 441 2482 propo
461 2407 628 2466 consistere
648 2411 679 2467 et
698 2407 866 2468 lectionem
887 2425 950 2467 non
971 2424 1039 2468 esse
1060 2403 1309 2485 negligendam,

257 2516 333 2577 opus
354 2493 427 2562 vero
446 2521 502 2582 pro
522 2503 689 2576 machinis,
711 2507 742 2564 et
762 2504 902 2564 maxime
920 2503 1036 2577 ¹vineis,
1051 2501 1115 2563 dici
1133 2520 1173 2563 ex
1194 2501 1312 2562 multis

255 2597 334 2659 locis
355 2615 375 2658 a
398 2596 502 2659 Cortio
517 2600 665 2662 laudatis.
680 2599 747 2663 Meo
761 2601 889 2680 quidem
904 2599 1032 2675 iudicio,
1047 2598 1236 2678 praepositio
1245 2615 1307 2675 pro

254 2711 319 2754 non
339 2695 504 2774 significat
523 2701 595 2758 cate
616 2699 744 2772 vineas,
767 2714 825 2758 neo
846 2699 921 2758 item
940 2697 979 2758 ia
1000 2697 1125 2768 vineis,
1145 2698 1178 2755 ct
1201 2695 1308 2755 aliena

253 2794 330 2852 sunt
350 2794 495 2873 exempla
510 2810 570 2872 pro
591 2795 708 2855 castris
728 2797 930 2865 colecestre,
946 2813 1002 2874 pro
1015 2796 1164 2868 cooperto
1178 2792 1214 2852 ia
1229 2805 1309 2868 saq-

251 2892 354 2962 cerro,
370 2905 446 2950 nam
467 2889 556 2950 aliud
575 2895 623 2952 est
634 2891 734 2971 locus,
748 2891 837 2952 aliud
851 2907 900 2951 res
914 2908 995 2969 quae
1010 2892 1132 2967 agitur3
1142 2906 1203 2967 pro
1219 2905 1308 2967 opere

253 2985 443 3064 interpretor
464 2987 500 3048 ia
521 3003 620 3066 opere,
641 2988 726 3068 quod
746 2993 813 3050 erat
831 2989 961 3060 vineas,
982 3004 1064 3066 quae
1084 3003 1158 3048 oum
1180 2987 1311 3063 ingenti.

251 3083 394 3159 periculo
414 3084 596 3164 agebantur
615 3104 670 3167 per
690 3085 794 3147 locum
815 3087 1042 3166 importunum,
1057 3087 1208 3158 statuere3
1228 3081 1311 3143 Coc*

251 3191 307 3236 tar
320 3177 359 3237 B·
374 3178 410 3242 G.
425 3179 453 3240 3.
467 3181 515 3243 28.
531 3215 553 3227 -
567 3182 616 3243 Ad
629 3201 766 3262 quarum
781 3183 910 3242 initium
926 3181 1082 3243 silvarum
1097 3194 1171 3240 oum
1188 3177 1307 3238 Caesar
1357 3233 1360 3242 .

248 3273 465 3356 pervenisset,
486 3282 653 3358 castraque
675 3281 800 3342 munire
829 3279 1042 3353 instituisset,
1070 3294 1173 3355 neque
1199 3273 1309 3335 hostis

250 3369 379 3430 interim
401 3372 494 3432 visus
516 3383 616 3450 osset,
637 3378 791 3458 dispersis
811 3378 848 3438 ia
868 3367 955 3454 opero
975 3375 1115 3446 nostrat,
1139 3373 1244 3435 subito
1266 3391 1312 3434 ex

248 3465 395 3526 omnibus
408 3470 557 3546 partibus
572 3474 672 3536 silvae
685 3476 897 3546 evolaverunt,
913 3476 944 3533 et
958 3473 991 3532 in
1006 3475 1126 3532 nostros
1143 3470 1306 3549 impetum

248 3563 391 3640 fecerunt
411 3597 432 3612 -·
446 3565 534 3640 idem
555 3571 630 3638 ibid.
651 3571 680 3633 7.
701 3573 749 3638 24.
764 3606 786 3618 -
803 3571 921 3631 Tamen
935 3568 1028 3648 quod,
1050 3568 1196 3628 instituto
1220 3565 1307 3629 Cae-

245 3660 325 3738 saris
346 3660 425 3722 duae
445 3680 579 3771 semper
599 3668 742 3746 legiones
758 3687 817 3749 pro
838 3667 953 3729 castris
981 3664 1200 3739 excubabant,
1228 3665 1311 3744 plu*

243 3773 353 3835 sesque
370 3759 506 3850 partior,
528 3766 732 3856 temporibus
753 3768 843 3826 erant
863 3765 1009 3843 inopere,
1025 3761 1311 3826 celeriteriaotum

240 3855 286 3914 esi
306 3858 340 3916 Ul
358 3857 411 3917 alii
429 3878 493 3968 spu
520 3866 677 3969 tionibus
698 3863 879 3925 resisterent
896 3867 955 3924 etc.
968 3894 990 3908 -

313 3951 342 4011 Ο.
364 3952 403 4012 93.
420 3960 459 4056 2·
490 3926 696 4068 Panjmum
717 3961 857 4025 advortit
877 3962 958 4022 inter
978 3977 1056 4021 saxa
1083 3959 1225 4038 repentes
1245 3969 1306 4013 co-

512 4087 567 4180 σά
586 4057 1059 4174 animadvertitautadvertit
1082 4048 1310 4162 (pontitiani
1354 4071 1356 4080 .

452 4143 745 4340 {afflastructio
771 4163 871 4232 verbi
893 4155 1010 4223 tuctus
1038 4153 1229 4218 accusativis
1253 4164 1314 4212 vix.

233 4045 311 4106 cleas
329 4069 345 4108 »
363 4047 448 4192 islep,³
478 4051 500 4105 t<

227 4159 308 4205 mum
326 4125 364 4202 acl.
389 4147 433 4390 Q&

434 4311 457 4374 θ
