3322 5188
857 592 1012 652 ..(58..

413 715 509 787 berna
529 725 651 803 propter
671 725 882 784 commeatum
898 725 931 784 in
949 719 1071 803 oppidis
1092 725 1273 786 maritumis
1294 742 1395 803 agere
1414 723 1482 785 du-

411 825 589 888 ererernt-
603 821 740 882 Librarii
754 821 857 882 multa
878 821 1044 900 supplendi
1066 838 1164 882 causa
1184 823 1355 884 commenti
1380 827 1479 895 sunt,

410 924 442 978 et
464 917 591 978 Codices
612 916 771 991 exhibent,
792 915 970 977 inlaborare
985 916 1211 994 prepicr'scitur,
1234 921 1269 978 ia
1282 917 1437 979 biberas.
1451 963 1478 977 ..

411 1014 456 1086 id,
479 1015 585 1094 plures
605 1015 641 1074 io
661 1013 846 1074 litoreo...
867 1013 918 1090 ir,-
940 1013 1108 1074 dicendum
1129 1034 1170 1076 ne
1204 1016 1264 1077 sub
1285 1015 1343 1076 hoc
1369 1015 1479 1075 latere

411 1110 540 1172 biberas
560 1111 649 1172 arira
666 1127 804 1188 namque
824 1123 916 1184 opero
929 1109 1132 1173 hibernaest
1145 1129 1239 1189 agere
1260 1117 1390 1190 tempus
1410 1111 1478 1172 hi-

411 1207 635 1282 hibernorum,
656 1207 739 1268 loire
770 1211 817 1267 est
844 1208 913 1268 eius
938 1209 1087 1288 temporis
1114 1209 1246 1271 initium
1271 1209 1397 1285 facere3
1425 1209 1477 1268 Cf.

410 1303 484 1379 Iup.
514 1303 562 1364 44.
584 1304 612 1364 3.
634 1304 868 1365 -aestivorum
898 1309 1022 1384 tempus
1043 1338 1063 1352 —
1083 1309 1114 1366 et
1133 1305 1224 1366 Hirr.
1245 1305 1272 1368 2.
1293 1303 1351 1378 28.,
1380 1304 1475 1368 an-

410 1416 465 1461 sor
484 1399 522 1462 B.
540 1400 576 1464 G.
596 1400 625 1460 3.
637 1402 675 1476 2.,
690 1401 717 1463 5.
735 1401 784 1464 22.
806 1401 943 1464 hiemem
962 1419 1061 1480 agere
1081 1423 1117 1480 -3
1133 1403 1197 1462 nisi
1213 1402 1315 1462 mavis
1337 1402 1475 1464 dictum

410 1496 449 1560 de
468 1497 553 1576 loco,
574 1499 627 1559 cui
649 1501 693 1560 rei
715 1517 778 1559 non
798 1499 924 1562 obstant
938 1499 1033 1560 verba
1047 1501 1100 1562 uti
1119 1489 1273 1578 coepero&
1294 1515 1353 1560 nec
1375 1501 1474 1562 enim

410 1594 501 1655 aliud
530 1600 672 1675 coeperat
701 1594 822 1656 Marius
849 1597 913 1657 nisi
940 1597 1118 1676 proficisci,
1147 1597 1179 1656 C.
1208 1595 1256 1657 97.
1284 1596 1330 1672 3.;
1352 1601 1474 1676 postea

409 1690 613 1754 hibernorum
647 1693 715 1754 loca
746 1696 793 1754 est
821 1694 1007 1772 ingressus,
1034 1693 1089 1753 boc
1109 1710 1174 1771 cop.
1204 1693 1249 1754 ra⁰
1278 1694 1304 1768 l,
1332 1693 1473 1756 tandem

410 1790 586 1850 exercitum
608 1790 642 1850 in
656 1789 799 1852 hibernis
820 1792 995 1871 composuit
1019 1788 1050 1852 U.
1073 1789 1138 1849 103.
1148 1791 1271 1870 priac.;
1290 1791 1368 1868 quia
1391 1809 1473 1852 vero

408 1883 469 1944 iter
487 1883 583 1944 fiebat
604 1885 636 1945 in
657 1885 723 1948 loco
745 1885 864 1962 hostili,
885 1887 954 1948 ideo
974 1891 1083 1948 contra
1104 1905 1212 1948 omnes
1233 1888 1386 1948 incursus
1402 1905 1472 1969 pa-

408 1983 498 2040 ratus
521 1980 694 2043 incedebat.
934 1987 936 1993 '

489 2077 521 2138 0.
543 2073 609 2139 101.
630 2077 657 2140 6.
678 2083 709 2140 et
735 2078 763 2141 7.
786 2099 803 2138 «
824 2080 922 2142 simul
952 2081 1100 2160 gladium
1133 2083 1293 2160 sauguine
1324 2082 1470 2144 oblitum

406 2174 569 2236 ostendere
589 2194 683 2255 quem
704 2177 738 2236 in
758 2194 868 2256 pugna
882 2177 960 2262 satis
982 2180 1120 2257 impigre
1143 2180 1245 2240 occiso
1266 2179 1372 2260 pedite
1394 2199 1467 2242 no-

408 2277 472 2334 stro
494 2269 700 2358 (Iugurtha)
722 2279 953 2336 cruentaverat.
984 2274 1073 2347 Quod
1095 2275 1149 2338 ubi
1172 2276 1291 2338 milites
1312 2295 1468 2358 accepere

406 2371 513 2448 magis
534 2373 699 2435 atrocitate
723 2373 767 2434 rei
788 2390 886 2451 quam
906 2372 968 2434 fide
994 2374 1106 2434 nuncii
1138 2377 1303 2436 terrentur.
1325 2397 1342 2436 ›>
1363 2375 1466 2438 Bur-

406 2469 525 2546 onasus
545 2469 598 2530 hic
617 2504 638 2516 -
656 2471 731 2531 adeo
762 2471 898 2549 impigre
919 2476 950 2531 et
969 2471 1111 2530 celeriter·
1142 2477 1179 2530 ut
1209 2471 1343 2532 Romani
1376 2474 1466 2535 scire

405 2585 468 2628 non
488 2569 614 2645 possent
634 2567 776 2644 gregarii
802 2566 917 2626 militis
939 2583 1006 2626 esse
1026 2566 1218 2644 sanguinem
1240 2586 1315 2646 quo„
1325 2568 1464 2646 gladius

407 2663 550 2723 imbutus
571 2665 676 2722 erat-
689 2662 753 2723 Nec
774 2662 908 2740 impiare
930 2661 963 2722 id
981 2637 1062 2737 uult,
1084 2680 1141 2724 neo
1162 2664 1239 2726 fides
1261 2667 1379 2726 nuncio
1394 2667 1465 2728 ha-

405 2759 473 2823 bita
493 2759 613 2835 fuerat;
634 2759 737 2820 solum
766 2761 916 2822 atrocitas
939 2777 1033 2822 casus
1055 2763 1112 2839 qui
1138 2763 1354 2825 nunciabatur
1379 2779 1462 2826 cum

405 2855 567 2931 iactantia,
588 2855 743 2916 Romanos
763 2858 948 2936 perculerat,
969 2859 1063 2936 quasi
1083 2877 1174 2920 omen
1195 2864 1387 2922 aversantes.

486 2951 519 3012 O.
540 2951 807 3015 reserenari
828 2954 917 3017 nobis
939 2954 1077 3017 demeres
1098 2957 1244 3020 acerbam
1266 2960 1461 3021 necessitu-

390 3050 560 3120 dinem.»
586 3050 770 3112 Dietsolrr'as
792 3085 814 3096 -
835 3051 974 3115 demsere
994 3087 1017 3098 -
1037 3073 1078 3114 ex
1109 3073 1171 3115 uno
1204 3054 1316 3118 Codice
1347 3063 1461 3118 contra

403 3166 528 3224 omnes3
543 3149 626 3226 quod
640 3149 781 3212 infirmat
796 3151 979 3225 orationem,
992 3151 1033 3212 ad
1053 3151 1126 3213 deos
1140 3153 1356 3216 transferendo
1371 3155 1463 3232 quod

348 3250 350 3253 ’
403 3267 447 3312 ex
466 3246 591 3308 Boccho
612 3253 668 3322 est,
689 3253 720 3308 et
740 3247 830 3309 illam
851 3249 1000 3310 vertendo
1022 3250 1062 3312 ab
1082 3251 1212 3328 obliqua
1234 3252 1268 3311 in
1290 3251 1458 3314 directam.

393 3345 515 3406 ¹Oratio
529 3345 628 3411 uult·
638 3345 816 3422 gandemus
830 3346 923 3423 quod,
943 3347 992 3406 dis
1007 3347 1217 3420 monentibus,
1232 3343 1341 3425 pacem
1356 3365 1459 3425 quam
1559 3371 1561 3375 ·

405 3442 527 3504 bellum
547 3441 719 3521 aliquando
740 3441 855 3519 mavis,
873 3463 915 3505 ne
934 3450 965 3506 te
985 3443 1243 3517 commaculares,
1264 3450 1331 3520 eto,
1355 3446 1457 3510 simul
1487 3476 1489 3481 ·

404 3541 496 3604 nobis
528 3540 665 3604 demeres
690 3543 747 3601 ete.
769 3541 885 3604 -vide
911 3541 1003 3602 Hirr.
1034 3539 1062 3602 2.
1083 3539 1131 3600 41.
1161 3540 1189 3601 9.
1214 3539 1301 3602 Oroi.
1325 3540 1453 3618 Cottae,

404 3644 437 3700 et
459 3657 554 3701 usum
574 3638 715 3701 adverbii
735 3637 843 3712 simol,
868 3637 953 3716 quod
973 3637 1052 3699 solet
1071 3639 1258 3702 continuare
1279 3641 1455 3704 orationem

404 3736 513 3814 aliquo
528 3735 634 3796 addito
647 3736 689 3796 ad
702 3753 739 3796 ea
752 3754 833 3814 quae
846 3735 988 3814 proxime
1001 3743 1260 3816 praecesserunt,
1275 3738 1454 3802 secundum

405 3829 565 3895 obseruata
585 3833 625 3894 ad
644 3833 714 3909 Iao.
730 3833 778 3894 91.
797 3834 824 3894 1.

486 3931 519 3992 O.
541 3931 606 3994 103.
627 3931 656 3996 2.
673 3951 689 3991 <r
713 3931 795 3992 Tum
816 3949 925 3993 rursus
946 3931 1091 3998 Bocchus
1112 3936 1255 4014 feliciter,
1277 3955 1333 3998 seu
1354 3953 1452 4015 repu-

379 4107 381 4110 .
404 4029 501 4094 tando
521 4047 603 4108 quae
623 4031 685 4092 sibi
708 4030 829 4094 duobus
848 4033 976 4112 praeliis
998 4040 1167 4111 venerant,
1190 4055 1245 4098 seu
1266 4034 1450 4106 admonitus

405 4130 446 4192 ab
466 4129 538 4192 aliis
559 4131 672 4191 amicis
692 4134 750 4191 etc.
764 4163 786 4174 -
799 4130 938 4194 Dirtsolr.
962 4132 1042 4195 Com.
1056 4133 1084 4194 5.
1099 4151 1133 4213 p.
1150 4135 1215 4196 131.
1236 4153 1291 4215 pro
1303 4134 1450 4210 feliciter

406 4230 677 4314 recipitsteotr'lor,
699 4252 738 4294 ex
753 4251 814 4295 uno
829 4232 949 4306 Codice,
964 4235 1019 4299 ubi
1034 4233 1093 4294 hoo
1107 4239 1155 4296 est
1167 4252 1263 4314 supra
1284 4235 1448 4315 scriptum,

406 4344 438 4402 et
457 4333 608 4416 quoniam
628 4337 735 4419 postea
755 4333 824 4406 hiat
844 4336 961 4415 oratio,
982 4338 1054 4404 ante
1075 4354 1113 4406 eo·
1133 4335 1217 4402 omri
1243 4343 1332 4422 eopia
1360 4339 1449 4418 ponit
