3322 5188
712 527 865 590 ...71-

271 663 337 727 Cat.
356 663 542 740 21.1.‚Jaa.
565 663 612 724 10.
635 664 671 740 1.,
694 663 760 724 107.
781 663 820 739 4.,
840 663 929 726 Hist.
950 663 978 728 2.
1000 664 1046 726 96.
1062 666 1090 726 2.
1106 665 1221 728 Forma
1235 667 1314 729 baec

266 763 393 823 dicendi
413 761 581 824 adhibetur
600 778 685 836 cum,
706 761 799 822 rebus
821 761 1004 840 desperatis,
1026 763 1094 823 vita
1114 767 1145 823 et
1166 763 1254 824 salus
1278 765 1314 822 in

265 879 331 921 uno
357 861 625 938 aliquo'ponitur,
649 855 817 920 1111111111
838 859 969 939 Adalpt.
997 858 1313 932 3.2.33.,Ρ111·11.
1413 885 1415 890 ·

265 957 293 1017 3.
317 957 342 1017 1.
364 957 392 1018 6.
413 955 659 1028 Mariumt'a'caro
680 975 735 1036 pro
759 955 790 1017 d.
804 956 936 1018 Rabirio
961 955 1054 1019 6110.
1076 961 1169 1019 vocat
1188 963 1312 1036 patrem

264 1055 392 1133 patriae,
413 1061 574 1133 parentem
595 1054 754 1114 libertatis
775 1071 812 1114 ac
833 1055 877 1115 rei
893 1054 1048 1134 publicae,
1066 1059 1097 1115 et
1111 1051 1203 1132 quasi
1220 1053 1315 1114 deum

248 1151 368 1212 babet.
385 1152 450 1212 Nec
463 1153 571 1212 miuus
592 1149 692 1210 Mario
713 1168 809 1228 quarn
831 1151 893 1212 sibi
915 1151 1043 1231 scripsit
1064 1151 1162 1212 aliam
1186 1151 1315 1212 laudem

264 1248 298 1308 in
322 1247 408 1308 Orat.
423 1265 483 1325 pro
505 1246 596 1308 Sallu
610 1263 675 1325 rap.
697 1246 734 1322 7.,
754 1264 828 1307 cnm
849 1248 904 1321 aii,
918 1266 958 1308 ex
973 1248 1147 1328 municipio
1161 1248 1315 1328 Arpinate

264 1343 379 1407 ’1111111
401 1345 537 1406 salutem
558 1343 629 1404 urbi
651 1343 846 1423 imperioque
867 1343 903 1405 R.
924 1345 1079 1406 extitisse.

473 1537 736 1600 FRAGMENTA
756 1537 815 1600 EX
837 1538 917 1600 LIB.
940 1539 967 1600 l.
988 1538 1097 1600 HIS'l'.

342 1735 394 1798 Fr.
416 1735 462 1797 10.
485 1755 502 1794 κ
523 1735 577 1797 sed
598 1721 804 1814 aliquisque
831 1735 1106 1816 locupletissimus
1134 1740 1165 1798 et
1193 1736 1315 1797 iniuria

263 1833 407 1908 validior,
427 1834 504 1912 qnia
523 1834 703 1912 praesentia
723 1832 922 1906 defendebat,
938 1852 992 1912 pro
1007 1833 1086 1894 bono
1105 1833 1314 1898 ducebatur»

263 1949 319 2012 pro
343 1931 536 2012 praestatio,
566 1928 751 1989 Diatoobiar
780 1931 876 1990 vellet
902 1932 1073 2008 placentia.
1096 1930 1315 2012 Opportunum

263 2029 390 2090 videtur
398 2028 589 2105 praeseutia,
605 2027 732 2106 quippe,
747 2032 783 2087 11
797 2028 843 2088 111
858 2027 935 2088 Sall.
951 2029 984 2088 in
1004 2026 1070 2088 cat.
1085 2047 1194 2090 omnes
1209 2047 1315 2090 rerum

264 2127 456 2187 mutationes
482 2125 608 2185 caedem
635 2125 731 2201 fugas
759 2128 856 2201 atque
876 2125 941 2185 alia
967 2124 1097 2187 hostilia
1117 2127 1313 2205 portendant,

264 2229 295 2284 et
317 2223 446 2284 nonnisi
473 2221 591 2300 quibus
611 2239 684 2300 opes
705 2219 813 2282 nullae
834 2227 918 2295 sunt,
944 2223 1014 2282 odio
1045 2239 1178 2286 suarum
1208 2243 1313 2286 rerum

265 2321 384 2382 mutari
405 2321 513 2380 omnia
533 2319 681 2393 student,
710 2321 816 2382 vetera
842 2318 948 2390 odere,
975 2337 1057 2380 nova
1078 2325 1247 2399 exoptaut3
1269 2323 1314 2384 ita

262 2419 449 2498 plerumque
469 2417 506 2478 fit
525 2421 562 2478 nt
582 2415 659 2477 dum
679 2416 771 2496 Resp.
785 2416 907 2479 laborat
927 2415 1062 2478 diversis
1082 2419 1222 2496 partium
1241 2425 1315 2482 stu-

264 2515 337 2591 diis,
357 2516 569 2596 periculosius
593 2514 638 2576 sit
658 2519 778 2576 statum
803 2509 999 2594 praesentem
1028 2515 1189 2578 dimittere
1215 2533 1314 2594 quam

264 2614 313 2674 illi
334 2615 544 2691 acquiescere.
564 2613 613 2672 Ea
632 2631 701 2673 esse
721 2613 799 2676 solet
819 2612 986 2676 hominum
1006 2617 1129 2688 natura,
1145 2619 1183 2675 11
1200 2615 1314 2694 paucis

263 2711 362 2769 tutior
389 2709 535 2770 videatur
557 2709 734 2788 periculosa
764 2709 896 2772 libertas
921 2711 1029 2788 quieto
1052 2712 1201 2786 servitio,
1229 2712 1315 2791 quod

265 2803 343 2867 dicit
357 2804 478 2867 alicubi
496 2804 638 2877 Tacitae,
656 2806 704 2866 cf.
717 2804 791 2881 Iaa.
803 2805 916 2882 dlfla.
928 2806 1016 2880 etfr.
1033 2807 1059 2866 1.
1073 2808 1121 2868 41.
1135 2806 1163 2868 7.
1178 2807 1244 2871 Nec
1261 2813 1315 2868 ta-

264 2923 337 2966 men
358 2904 415 2982 qui
436 2904 481 2964 ita
495 2904 679 2982 praeseutia
699 2903 840 2966 defendit
859 2904 959 2966 honus
980 2909 1047 2979 est,
1070 2902 1126 2966 sed
1151 2922 1206 2984 pro
1231 2903 1311 2967 bono

264 3002 401 3063 daoa'tar.

334 3097 386 3158 rr.
409 3097 454 3158 13.
477 3099 657 3159 «omnium
676 3100 816 3178 partium
837 3099 933 3161 decus
955 3101 989 3160 in
1010 3098 1185 3162 mercedem
1199 3115 1315 3164 corru-

263 3199 354 3276 ptum
375 3200 442 3257 erat
462 3218 479 3258 a
502 3195 553 3256 Ex
571 3194 741 3268 draciaco,
757 3198 813 3276 qni
829 3197 934 3258 locum
947 3196 1039 3258 affert
1052 3201 1088 3258 nt
1102 3201 1223 3258 1111111
1238 3231 1261 3242 -
1277 3198 1314 3257 in

265 3295 355 3356 illam
375 3313 442 3356 rem
461 3313 516 3374 pro
543 3310 640 3355 eausa
667 3292 755 3354 illius
777 3296 821 3356 rei
841 3325 869 3354 -.
890 3294 960 3356 Nou
988 3296 1067 3356 eatis
1088 3298 1211 3380 constat
1232 3294 1314 3372 quid

264 3394 308 3452 sit
328 3391 422 3452 docus
442 3397 623 3471 corruptum
644 3406 739 3452 caasa
757 3391 918 3465 mercedis,
936 3393 1001 3453 nisi
1019 3409 1137 3454 merces
1152 3391 1314 3452 habeatur

263 3506 318 3568 pro
337 3494 482 3566 quaestu,
503 3489 608 3550 studio
628 3488 863 3568 pecuniaeque
884 3487 991 3563 decus,
1010 3494 1041 3550 et
1067 3489 1213 3566 generosi
1234 3506 1315 3550 sen·-

265 3582 320 3647 bus
340 3590 594 3664 corrumpuntur.
616 3585 676 3647 Sed
697 3587 774 3664 quia
794 3601 923 3659 meroes,
939 3590 975 3645 ut
993 3586 1173 3664 praemium
1186 3602 1224 3646 ac
1238 3604 1314 3665 pre-

262 3684 345 3744 tium
365 3683 476 3762 operis,
496 3683 562 3743 arti
581 3682 730 3758 debetur,
752 3684 896 3762 suspicor
917 3683 1071 3762 seriptum
1092 3684 1206 3746 fuisse·
1220 3715 1242 3729 -
1274 3702 1314 3748 o-

265 3783 391 3842 mnium
411 3781 531 3841 aetiam
552 3779 648 3842 decus
668 3782 746 3842 -11
771 3780 833 3844 Cic.
848 3781 1076 3862 1111111111.-
1089 3799 1129 3842 ne
1150 3797 1205 3841 aro
1219 3786 1312 3844 tanta
1392 3781 1395 3786 '

262 3884 386 3959 propter
405 3880 592 3940 tenuitatem
606 3878 773 3941 homiuum
787 3897 806 3940 1
820 3879 986 3958 religionis
1001 3879 1191 3942 auctoritate
1206 3878 1315 3964 abdu-

265 3983 387 4040 ceretur
406 3976 446 4036 ad
466 3975 631 4036 mercedem
652 3981 746 4056 atque
766 3982 943 4056 quaestum.
957 4010 978 4024 -
996 3977 1060 4038 Nee
1080 3981 1187 4038 tamen
1207 3976 1314 4057 placet

265 4073 424 4136 lemmatis
445 4073 610 4150 deductio,
630 4076 707 4154 quia
728 4091 886 4154 nusquam
907 4075 1054 4136 auditum
1076 4079 1124 4136 est
1142 4073 1312 4154 praeposi-

265 4170 383 4232 tionem
404 4172 439 4233 a'a
458 4195 532 4240 oum
552 4175 734 4234 accusativo
755 4172 869 4236 habere
890 4173 1312 4251 1111111111111111111111,ο

267 4267 371 4346 magis
391 4278 534 4348 putarem
556 4270 636 4335 velle
656 4271 892 4352 propensionem
915 4270 955 4332 ad
975 4269 1107 4349 aliquid,
1129 4273 1166 4330 ut
1187 4268 1229 4330 sit
1243 4299 1262 4312 -
1275 4283 1313 4326 o-
