3322 5188
684 608 838 670 ..15-

237 743 388 810 Contudit
407 741 567 819 articulos,
587 742 645 822 qui
665 760 721 823 pro
743 761 778 804 eo
796 742 928 818 tolleret,
942 743 1038 821 atque
1059 772 1078 788 ··
1097 739 1237 804 Mitteret
1252 741 1285 804 iu

233 845 383 926 phimum
403 842 495 915 talos,
513 839 653 902 mercede
668 839 787 900 diurna
798 871 820 885 -
833 839 1031 901 Conductum
1045 841 1173 920 pavit-,
1183 838 1289 899 Plaaa

235 947 302 1004 aaa
326 935 449 1002 Oaroal.
476 938 504 1000 2
532 935 630 999 375.
650 941 858 1018 -postquam
889 937 1012 998 coenati
1043 941 1140 1016 atque
1168 937 1285 1017 appeti,

234 1035 315 1098 talos
334 1035 436 1116 poscit
455 1035 517 1099 sibi
539 1035 574 1096 in
593 1049 720 1095 manaan
730 1054 744 1111 ;
761 1038 912 1114 'provocat
934 1051 984 1094 me
1004 1033 1038 1094 in
1059 1032 1159 1095 aleam
1176 1039 1212 1094 ut
1226 1035 1286 1094 lua

233 1131 306 1195 dam
318 1151 357 1212 -3
377 1133 412 1194 in
433 1131 589 1195 Sallustio
610 1147 725 1192 manue
743 1137 791 1194 eet
804 1127 1055 1192 instrumentum
1070 1129 1286 1193 defendendae

232 1230 358 1310 inopiae
380 1227 412 1292 0.
433 1227 643 1304 37.u.,a1ras
666 1228 710 1290 rei
731 1227 898 1306 gerendae,
918 1229 974 1315 vie
990 1227 1168 1308 parandae,
1189 1213 1285 1309 pote-'r

231 1327 324 1390 atatis
344 1324 539 1389 exercendae
558 1324 629 1401 [aa.
649 1324 698 1386 44.
718 1325 756 1398 1.,
780 1321 845 1386 aaa.
867 1324 914 1386 14.
934 1325 972 1400 3.‚
986 1325 1034 1388 96.
1051 1323 1090 1400 3.‚
1105 1325 1151 1386 14.
1165 1325 1222 1398 14.,
1235 1324 1285 1386 31.

231 1423 260 1486 5.
281 1423 389 1501 etate
402 1422 458 1485 hic
478 1439 586 1484 vocem
607 1421 770 1484 declarant
789 1425 873 1501 quae·
892 1428 1070 1502 sequuntur
1091 1454 1115 1469 -
1128 1421 1210 1486 bonu
1223 1439 1285 1504 pa-

229 1521 294 1583 tria
316 1521 510 1582 laceraverat
530 1550 550 1567 -·
1076 1511 1078 1517 ’

313 1617 347 1682 0.
369 1617 416 1680 14.
435 1616 464 1678 4.
487 1636 504 1675 u
524 1615 609 1696 quod
639 1616 668 1678 si
698 1617 773 1694 quis
808 1617 905 1678 etiam
932 1633 952 1678 a
978 1617 1073 1698 culpa
1095 1635 1220 1679 *uacuus
1247 1618 1283 1678 in

227 1715 405 1778 amicitiam
425 1716 495 1778 eius
515 1714 674 1776 inciderat
694 1735 712 1775 »
734 1713 993 1796 Interpretantur
1010 1749 1031 1761 -
1050 1717 1144 1795 quasi
1165 1716 1198 1777 in
1221 1716 1280 1776 in-

230 1815 341 1890 sidiae,
361 1819 419 1875 aut
439 1814 520 1876 retia
539 1814 597 1873 aut
616 1813 783 1891 gurgitem
805 1810 956 1891 incidere,
968 1830 1031 1890 quo
1048 1813 1284 1875 demonstretur

229 1911 320 1974 illum
340 1911 518 1973 amicitiam
539 1909 710 1971 iuvenibus
725 1909 942 1988 perniciosam
970 1910 1071 1972 fuisse
1090 1944 1118 1971 -.
1140 1909 1201 1972 Sed
1222 1911 1281 1971 in-

227 2008 342 2082 cidere,
363 2007 460 2069 habet
473 2007 570 2069 etiam
585 2006 651 2067 vim
664 2003 818 2080 sortae'ta',
834 2011 869 2067 ut
883 2006 1065 2086 distinguat
1078 2024 1130 2069 eos
1143 2023 1281 2086 quorum

231 2103 482 2166 familiaritatem
505 2102 644 2164 Catilina
664 2101 830 2182 adpetebat,
855 2100 921 2166 Cat.
944 2103 990 2164 14.
1011 2103 1039 2165 5.

160 2203 164 2214 '
312 2201 345 2263 O.
366 2200 414 2262 14Ν
433 2200 462 2262 5.
484 2218 502 2259 a
522 2217 629 2262 eorum
645 2199 945 2284 (adolescentium)
975 2201 1077 2263 enimi
1110 2201 1222 2264 molles
1248 2205 1281 2264 et

230 2301 334 2362 aetate
354 2297 436 2360 duxi
458 2297 539 2359 dolis
553 2295 641 2358 haud
655 2296 824 2360 difficulter
842 2299 1051 2378 capiebantur
1064 2321 1081 2361 »
1096 2297 1280 2361 Diomedias

232 2395 344 2459 Comae.
369 2394 401 2458 0.
420 2395 449 2456 5.
465 2411 497 2474 p.
520 2394 586 2456 105.
608 2395 690 2474 legit
709 2428 732 2441 -
753 2395 863 2458 molles
877 2399 981 2458 aetate
993 2402 1025 2458 et
1046 2396 1128 2456 fluxi
1149 2429 1182 2470 -,
1202 2413 1280 2456 nam

225 2494 443 2558 inconstantia
462 2491 676 2566 consiliorum,
692 2493 747 2568 ait,
763 2511 840 2554 num
853 2494 970 2554 aetatis
985 2493 1137 2555 iuvenilia
1158 2491 1278 2553 vitium

227 2597 285 2668 eet,
306 2591 456 2656 mollities
475 2609 538 2652 non
560 2588 634 2652 est?
654 2590 766 2652 Postea
786 2591 821 2651 in
836 2589 1043 2669 praefatione
1058 2588 1186 2653 adedit.
1200 2590 1279 2651 anae·

228 2688 325 2764 lata,
347 2705 456 2750 rocem
476 2689 577 2749 aetate
597 2707 638 2749 ex
658 2706 757 2750 versu
777 2689 923 2767 sequenti
943 2689 1075 2768 petitam
1095 2705 1164 2750 esse
1190 2691 1277 2750 tenet

228 2801 303 2847 cum
324 2784 470 2860 lordono,
488 2791 521 2848 et
540 2784 633 2846 uncis
653 2784 783 2847 claudit.
807 2783 994 2849 aerucam
1013 2783 1050 2846 ia
1069 2783 1144 2846 edit.
1171 2783 1277 2845 Basi-

230 2881 392 2944 leae1823
412 2915 435 2928 -
455 2882 565 2945 molles
585 2887 617 2944 et
636 2885 740 2944 aetate
768 2882 854 2944 fluxi
879 2914 902 2927 -
923 2882 1009 2960 quud
1036 2882 1098 2944 fert
1127 2878 1198 2943 aaa.
1223 2881 1276 2956 1³⁴,

229 2985 262 3044 et
282 2983 327 3042 ita
348 2980 516 3060 uulgatum
536 2983 595 3043 eet.
615 2980 683 3041 Hoc
704 2978 829 3040 defendi
850 2997 941 3060 posse
960 2978 1061 3054 credo,
1075 2979 1152 3057 quia
1164 2982 1275 3054 aetate,

227 3094 423 3160 quemquam
449 3081 521 3157 post
545 3077 737 3158 particulam
763 3076 1021 3150 coniunctium,
1045 3077 1088 3138 ad
1111 3075 1218 3137 molles
1245 3081 1278 3139 et

218 3176 310 3254 flaui
327 3175 538 3238 communiter
557 3175 601 3236 sit
621 3172 828 3236 referendum.
849 3173 1006 3254 Exempla
1025 3172 1125 3236 huius
1152 3173 1277 3254 figurae

225 3274 330 3336 muita
347 3271 529 3354 suppeditet
549 3271 717 3347 Horatiae,
740 3287 875 3350 quorum
898 3287 1001 3351 pauca
1021 3271 1186 3352 proferam,
1208 3270 1276 3332 Sat.

226 3371 254 3434 1.
275 3371 323 3433 10.
344 3370 392 3432 19.
413 3404 436 3416 -
457 3369 512 3432 Nil
531 3378 655 3451 praeter
676 3367 810 3431 Calvum
831 3373 863 3430 et
882 3367 995 3432 doctus
1015 3363 1277 3432 eantare'Oatul-

226 3467 295 3531 lum
323 3500 343 3518 -
374 3465 477 3532 aare.
510 3468 537 3529 1.
566 3467 613 3530 17.
636 3467 682 3528 11.
714 3499 737 3512 -
764 3465 874 3529 Valles
905 3471 936 3530 et
967 3467 1097 3532 Usticae
1126 3467 1274 3530 cubantis

225 3563 325 3629 Levia
343 3583 531 3647 personuere
550 3583 630 3628 saxa
650 3598 673 3612 ··
693 3570 819 3628 etcum
839 3566 998 3640 enclitica‚
1022 3564 1053 3628 O.
1074 3565 1102 3628 2.
1125 3563 1172 3624 19.
1191 3558 1276 3627 27:-

225 3663 281 3726 aed
302 3662 388 3726 idem
408 3663 536 3745 -pacis
566 3681 636 3725 eras
668 3662 855 3743 mediusque
885 3662 960 3724 belli
982 3695 1004 3708 ··
1029 3660 1059 3723 O.
1080 3661 1108 3722 3.
1131 3662 1157 3723 1.
1182 3663 1229 3725 12.
1250 3697 1273 3710 -

224 3761 366 3825 Moribus
385 3761 440 3822 hie
462 3760 634 3840 meliorque
661 3761 748 3823 fama
768 3794 790 3807 ·-
815 3761 847 3823 0.
869 3761 897 3821 1.
919 3759 1034 3822 1215.
1057 3794 1079 3806 -
1101 3759 1163 3832 Qui
1185 3779 1273 3823 mare

220 3875 261 3920 ac
280 3863 381 3922 terrae
401 3858 564 3938 uariisque
584 3857 739 3922 mundum
770 3863 925 3940 temperat
951 3857 1039 3920 heris
1059 3892 1082 3903 -
1102 3857 1201 3940 Epod.
1224 3859 1272 3920 15.

220 3957 252 4020 ¹7.
271 3989 293 4006 -·
311 3957 398 4020 Dum
416 3953 521 4036 pecori
547 3957 642 4035 iupus
670 3961 702 4017 et
721 3957 829 4020 nautis
852 3958 988 4020 infestus
1015 3955 1111 4018 Orion
1133 3991 1154 4002 -
1180 3974 1273 4038 saepe

222 4057 322 4117 etiam
343 4073 418 4118 eum
431 4050 598 4134 particulis
612 4069 647 4114 ae
660 4069 709 4128 ae,
724 4053 1002 4118 coniunctionibus
1015 4053 1073 4128 ael,
1088 4059 1190 4136 atqae,
1205 4071 1241 4116 ao
1252 4086 1273 4100 -·

226 4150 436 4234 (transposuit
446 4152 541 4214 etiam
552 4155 623 4232 post
635 4151 821 4214 adverbium
834 4151 983 4233 1111112.
997 4152 1025 4215 2.
1039 4150 1087 4213 ta.
1098 4185 1119 4200 -·
1133 4152 1273 4229 Torquet

222 4265 310 4310 nune
334 4249 474 4331 lapidem
500 4267 587 4313 nunc
615 4251 733 4330 ingens
759 4249 910 4312 maehina
938 4251 1068 4330 tignum
1090 4283 1132 4324 -,
1152 4248 1270 4327 quibus

222 4344 303 4410 loeis
322 4349 529 4412 manifestum
550 4352 598 4414 eet
619 4367 719 4413 unum
735 4347 923 4413 vocabulum
938 4350 1100 4428 utrimque
1113 4345 1198 4410 trahi
1214 4342 1268 4408 de-
