3322 5188
683 461 837 524 ,37-

231 596 719 676 0110100101010,01001100101
738 599 812 660 aliis
833 589 1050 673 incommodis,
1066 601 1097 660 01
1116 599 1286 680 praecipue

231 697 402 760 obstabant
428 695 490 756 duo
515 697 675 757 exereitus
704 696 843 758 hostium
871 701 982 766 contra
1010 713 1126 776 paucos
1147 714 1283 776 quorum

234 795 351 858 virtuti
371 793 457 856 nihil
476 793 565 854 aliud
584 801 748 873 supererat
767 795 832 856 nisi
854 795 933 856 ferro
954 794 1014 855 iter
1034 795 1163 874 aperire.

314 892 347 953 C.
368 891 416 953 58.
439 891 485 952 16.
508 911 527 950 u
547 909 584 954 ea
608 910 678 953 vero
700 891 859 954 dementia
879 895 926 954 est
940 915 957 953 o
973 889 1165 954 adverbium
1186 891 1285 951 adfir-

235 989 344 1051 mandi
364 1005 438 1050 eum
461 989 648 1064 intensione,
669 988 753 1068 qnod
769 989 845 1050 Itali
866 987 1026 1051 reddimus
1048 1023 1071 1034 -
1091 988 1199 1068 quella
1219 987 1249 1048 al
1266 1019 1287 1033 -

234 1087 351 1150 Forma
370 1087 450 1150 haec
470 1092 558 1149 extat
578 1093 610 1150 et
633 1085 698 1148 Cot.
721 1085 770 1148 37.
790 1087 831 1162 4.,
851 1086 899 1149 61.
921 1086 958 1163 1.,
978 1085 1049 1164 Iup.
1070 1085 1118 1148 50.
1133 1085 1171 1162 6.,
1185 1085 1234 1156 58.
1248 1085 1288 1161 3.,

234 1183 341 1260 84.1.‚
364 1184 412 1245 94.
434 1183 462 1245 3.
486 1183 615 1246 Graecis
638 1182 763 1244 ἐνταῦθα
784 1185 835 1258 δή.

314 1282 350 1344 C.
369 1281 419 1342 59.
434 1280 462 1343 1.
481 1301 500 1339 0
514 1282 642 1343 10100110
656 1282 798 1344 01001010
813 1281 916 1361 equis,
930 1299 993 1360 quo
1007 1280 1176 1356 militibus,
1190 1297 1288 1343 exae-

235 1383 335 1459 quato
355 1380 503 1459 periculo,
522 1380 649 1440 animus
664 1379 799 1458 amplior
811 1384 902 1454 esset,
916 1381 983 1460 ipse
996 1377 1089 1458 pedes
1110 1380 1287 1440 exereitum

235 1495 295 1558 pro
316 1476 383 1539 loeo
402 1481 498 1555 atque
518 1475 617 1556 copiis
639 1477 771 1537 instruit
785 1499 801 1536 »
829 1475 942 1539 Caesen
955 1475 993 1538 B.
1011 1475 1049 1539 C.
1064 1476 1091 1536 1.
1104 1475 1152 1540 25.
1168 1507 1190 1520 -
1206 1475 1288 1536 Cae-

234 1593 290 1638 sar
308 1575 446 1656 primum
469 1593 545 1656 000,
559 1573 672 1635 deinde
693 1575 836 1634 omnium
858 1593 898 1636 ex
918 1579 1090 1656 conspeetu
1110 1575 1238 1635 remotis
1251 1593 1290 1634 e-

237 1674 330 1753 quis,
352 1679 390 1734 01
417 1677 552 1751 aequato
578 1673 723 1733 omnium
749 1672 890 1752 periculo
917 1691 1004 1754 spem
1025 1672 1123 1750 fugae
1147 1671 1288 1746 tolleret,

234 1771 420 1834 cohortatus
442 1788 524 1844 suos,
546 1767 703 1849 praelium
724 1770 884 1831 commisit
905 1803 928 1816 -

318 1867 351 1928 C.
374 1867 510 1928 60.‹1.«
534 1866 674 1927 Catilina
700 1868 821 1928 streuui
850 1868 967 1928 militis
994 1872 1025 1930 et
1046 1867 1119 1930 boni
1149 1867 1290 1946 impera-

237 1966 315 2028 toris
343 1963 447 2027 officia
467 1962 572 2025 'simul
599 1964 839 2043 exsequebatur.
862 1987 878 2026 a
902 1965 948 2026 Ct.
979 1963 1109 2027 eatae.
1131 1964 1177 2025 16.
1197 1998 1217 2010 -
1237 1963 1289 2025 vel

238 2065 428 2144 imperatore
448 2062 499 2124 vel
519 2061 622 2122 milite
642 2079 693 2124 me
713 2061 845 2122 utimini
868 2096 888 2110 -
910 2062 1033 2125 Cacsar.
1047 2061 1087 2123 B.
1104 2059 1140 2126 G.
1155 2061 1183 2122 5.
1203 2059 1251 2122 33.
1266 2093 1288 2106 -

240 2162 331 2224 Cotta
352 2162 386 2222 in
407 2159 604 2242 appellandis
619 2159 881 2238 cohortandisque
896 2159 1064 2235 militibus,
1080 2149 1288 2240 imperatoris,

237 2263 271 2322 01
284 2259 317 2319 10
330 2275 442 2338 pugna
463 2257 576 2318 militis
597 2255 701 2318 officia
719 2255 902 2336 praestabat
922 2289 945 2302 -

322 2356 356 2417 C.
376 2355 424 2417 59.
445 2355 473 2416 3.
496 2373 513 2412 «
535 2355 602 2435 ipse
622 2372 696 2415 cum
716 2354 840 2418 libertis
861 2358 891 2416 et
912 2355 1030 2418 colonis
1051 2357 1175 2435 propter
1189 2354 1288 2432 aqui-

238 2451 304 2514 lam
315 2452 444 2524 adsistit
455 2475 472 2514 »
485 2451 576 2512 Hanc
587 2452 731 2530 aquilam
745 2457 930 2530 argenteam
941 2451 1020 2514 dicit
1034 2451 1130 2514 Cicer.
1147 2452 1181 2511 in
1195 2449 1288 2512 Cettt.

240 2549 269 2611 1.
289 2549 317 2610 9.
338 2555 369 2611 et
389 2549 418 2612 2.
440 2549 478 2623 6.,
499 2550 552 2611 001
574 2549 714 2611 Catilina
734 2549 818 2612 domi
840 2568 917 2612 0000
937 2550 1114 2612 0001011010
1134 2548 1290 2611 scelerum

240 2665 372 2708 suornm
393 2648 608 2708 constituerat.

320 2742 353 2804 C.
374 2743 421 2803 61.
442 2743 471 2804 2.
493 2762 510 2800 «
532 2761 625 2822 00001
647 2745 783 2824 0010000
797 2747 892 2809 virus
913 2745 1086 2826 pugnando
1109 2745 1214 2806 locum
1235 2763 1290 2807 ce-

240 2844 328 2922 perat
359 2860 432 2901 eum
453 2841 572 2902 omissa
603 2841 712 2902 anima
732 2859 859 2922 corpore
879 2842 1009 2922 tegebat
1029 2865 1046 2905 »
1075 2846 1106 2904 01
1126 2861 1208 2921 0000
1232 2862 1289 2904 00-

240 2943 370 3018 000101.
390 2937 498 3000 Ptcet.
524 2938 684 3018 Amphitr.
707 2938 734 3000 1.
757 2939 783 3000 l.
804 2939 874 3014 83.,
901 2941 1023 3018 tragice
1044 2973 1066 2984 -
1088 2939 1150 3002 Sed
1177 2942 1290 3019 fugam

240 3035 275 3096 in
290 3055 324 3096 se
343 3039 450 3097 tamen
465 3055 558 3097 nemo
571 3037 778 3111 convortitur,
793 3037 859 3098 Nec
874 3039 991 3099 recedit
1004 3038 1071 3100 loco
1083 3039 1163 3116 quin
1178 3039 1290 3099 statim

241 3151 307 3195 rem
328 3135 439 3212 gerat3
459 3134 609 3195 Animam
624 3135 777 3196 omittunt
797 3137 985 3215 priusquam
1006 3136 1074 3196 loco
1095 3135 1287 3213 demigrant3

242 3230 385 3310 Quisque
405 3231 453 3292 uti
474 3236 603 3292 steterat
624 3233 723 3308 iacet,
745 3233 928 3312 obtinetque
948 3232 1090 3296 ordinem
1106 3267 1127 3279 -
1149 3231 1289 3293 Platan-

242 3326 318 3389 odes
343 3326 454 3390 eruero
476 3329 522 3390 11.
540 3363 561 3376 ··
575 3331 629 3414 dds
648 3330 754 3407 μόνους
775 3321 837 3414 εὗρε
857 3331 1054 3392 110τὰ06000
1075 3331 1288 3407 τετρωμένους·

242 3426 270 3486 ei
292 3422 410 3504 d'o'rllct
434 3427 551 3501 πάντες
573 3429 602 3489 ἐν
623 3429 725 3507 τάξει,
758 3431 808 3490 καί
841 3430 998 3508 μαχόμενοι
1028 3429 1098 3501 τοῖς
1129 3427 1289 3505 Peperine,

242 3523 390 3586 01πὲ10100
409 3545 448 3572 --4
