3322 5188
330 2219 439 2283 Primo
458 2218 635 2301 ambigitur
656 2219 832 2284 Sallustius
852 2237 894 2282 an
916 2219 1080 2285 Salustius
1096 2217 1300 2284 scribendum

250 2319 303 2382 sit.
322 2317 482 2380 Marmora
502 2323 538 2380 ut
568 2317 745 2398 plurimum
772 2318 925 2382 exhibent
952 2317 1129 2380 Sallustius
1159 2322 1191 2380 et
1218 2317 1299 2381 Sol-⁴

250 2415 429 2491 kustiouus,
452 2415 580 2478 Codices
611 2415 745 2497 probati,
767 2419 958 2478 nontamen
979 2435 1103 2490 omnes,
1123 2435 1179 2496 per
1199 2433 1299 2477 unam

249 2513 264 2574 l
281 2512 643 2592 efferunt31tcmgracci
666 2511 840 2594 Scriptores
863 2514 1048 2586 Σαλούστιος
1069 2513 1196 2576 habent.
1216 2511 1301 2574 Ger*

248 2611 375 2674 lachius
389 2611 445 2690 qui
462 2609 640 2673 Salustium
653 2610 772 2691 probat,
787 2611 828 2674 ab
850 2611 1045 2692 etymologia
1065 2611 1226 2672 auxilium
1240 2630 1301 2692 pe-

247 2710 304 2786 tit;
323 2725 399 2769 nam
423 2705 598 2783 Salustius,
619 2707 673 2784 ait,
697 2707 784 2772 haud
805 2707 901 2772 dubie
920 2726 941 2771 a
960 2707 1049 2770 salus
1069 2707 1300 2783 derivandum,

248 2813 286 2868 ut
307 2805 446 2868 Ruslius
466 2821 485 2866 a
505 2797 576 2866 suu
588 2803 678 2877 Quod
691 2811 919 2884 argumentum
940 2806 1103 2868 infirmum
1123 2809 1208 2886 puto,
1222 2823 1300 2868 nam

250 2904 278 2964 si
294 2903 339 2965 ite
353 2905 446 2978 esset,
459 2903 564 2983 prima
578 2901 711 2982 syllaba,
726 2903 798 2964 sina
810 2903 932 2984 duplici
948 2901 969 2977 l,
986 2901 1157 2982 aliquanda
1171 2903 1204 2964 in
1219 2921 1298 2965 veru·

248 3001 339 3064 sibus
359 3000 556 3062 inueniretur
575 2998 697 3074 brevis,
711 2999 797 3079 quod
816 3003 926 3062 contra
947 3004 1011 3074 est,
1030 2998 1103 3062 vide
1123 2998 1299 3060 Horatium

252 3096 325 3161 aa
344 3097 373 3161 2.
388 3096 426 3172 3.,
443 3095 543 3160 Salis.
566 3095 593 3157 1.
614 3095 643 3159 2.
662 3095 711 3157 48.
733 3095 843 3177 Neque
865 3096 898 3157 id
919 3098 1013 3159 metri
1035 3097 1221 3160 necessitati
1234 3097 1299 3158 tri*

246 3194 423 3272 iuuandum,
445 3197 481 3256 ut
511 3195 546 3254 in
573 3193 705 3256 vocibus
725 3193 869 3269 telliolo,
892 3193 1073 3273 relliquias,
1094 3194 1174 3274 qnia
1194 3193 1298 3257 Sclu-

247 3295 347 3368 stlus‚
360 3293 464 3372 prima
476 3291 580 3368 brevi,
595 3292 790 3370 cuicumque
811 3285 921 3354 metro
931 3292 1088 3366 convenit,
1103 3296 1139 3352 ut
1159 3289 1299 3369 Proper-a

247 3391 323 3462 tius,
347 3388 527 3451 Pausullus.
549 3387 718 3451 senarium
738 3386 858 3450 Aaisui
877 3389 914 3450 iu
934 3405 989 3450 oro
1009 3389 1175 3450 maritima
1196 3387 1244 3449 35.
1258 3419 1296 3434 -·

247 3484 338 3547 Situs
367 3487 441 3566 quis
469 3489 552 3548 essct
578 3486 741 3566 aequoris,
762 3483 964 3562 Salustium,
986 3487 1101 3548 Noram
1121 3485 1156 3546 id
1184 3483 1297 3547 dedis-

246 3600 281 3646 se
303 3615 323 3629 -
342 3601 405 3644 nou
425 3599 542 3660 moror,
564 3584 641 3663 quia
662 3583 751 3644 sedes
771 3583 915 3664 syllabas
935 3583 1082 3645 admittit
1102 3586 1134 3644 et
1152 3581 1296 3660 longam.

245 3678 429 3743 Diatsolaius
448 3679 537 3756 dedit
557 3679 743 3756 Sallustius,
767 3679 953 3753 Gaulaolaius
975 3680 1104 3760 scripsit
1124 3697 1190 3740 una
1210 3677 1231 3740 l.

326 3777 449 3840 Deinde
469 3777 685 3840 mutandusue
705 3778 748 3840 sit
773 3778 847 3841 ordo
869 3778 1011 3840 nominis
1037 3783 1068 3839 et
1092 3777 1296 3856 cognominis

246 3880 277 3940 et
296 3894 352 3957 pro
372 3875 505 3954 vulgato
528 3874 566 3936 G.
588 3874 719 3956 Crispus
744 3873 918 3938 Sallustius
940 3876 984 3938 sit
1005 3875 1232 3938 invertendum
1256 3875 1296 3937 G.

245 3972 419 4036 Sallustius
441 3973 582 4054 crispus,
607 3973 779 4052 quaeritur.
793 3975 975 4035 Auctoritas
998 3971 1106 4035 Paulli
1126 3971 1243 4035 Ausul.
1266 3971 1296 4036 1.

245 4071 273 4133 6.
287 4071 315 4134 2.
330 4070 397 4145 10„
418 4071 447 4134 2.
461 4070 510 4133 40.
525 4075 557 4134 si
567 4070 595 4131 3.
617 4069 679 4145 30.,
702 4069 876 4150 δσνίρίονίε
890 4071 927 4133 do
940 4069 1014 4132 talla
1034 4068 1192 4149 Africano
1213 4087 1237 4132 o.
1256 4072 1304 4147 8.‚‘

244 4167 377 4231 Asaouli
388 4167 527 4232 Polluci
535 4169 571 4230 iu
584 4167 719 4231 Cloarou.
733 4183 777 4228 or.
786 4153 846 4246 pua
860 4167 988 4243 Miluus,
1004 4165 1124 4249 Ampal.
1139 4167 1191 4230 lit.
1205 4185 1294 4229 mom.

246 4281 271 4328 c.
301 4265 364 4341 30„
391 4269 512 4349 aliquot
541 4267 801 4348 inscriptionum,
822 4266 899 4330 iacit
919 4273 956 4330 ut
976 4267 1049 4330 ordo
1081 4269 1228 4330 inversus
1250 4267 1294 4328 sit

246 4363 411 4443 tenendus,
431 4371 461 4432 ut
483 4363 701 4433 scaturierunt
723 4362 909 4435 deriuciius
928 4368 961 4434 oi
980 4363 1173 4432 Distsolius.
1193 4357 1195 4364 ’
